2532 4114
470 244 504 299 V.
524 249 673 300 tid—642.
1031 244 1077 310 49

51 388 220 456 Veridiois
245 387 351 474 aperit
373 388 568 454 convincens
591 392 725 472 pectora
748 388 869 454 verbis:
1022 405 1075 456 oro

51 477 114 564 „Si
139 477 272 564 gemine.
294 498 432 564 reguum
457 476 651 544 distractum
673 480 767 562 parte
790 477 936 544 dehiscat

51 568 101 633 Et
126 567 230 632 scissa
254 565 425 632 adversum
449 587 519 632 sese
543 565 681 633 divulsio
705 571 843 652 pugnet,

53 655 226 739 Disruptis
249 675 387 738 propere
410 655 564 720 labentur
586 658 704 720 cuneta
727 653 888 720 medullis.

52 742 220 809 Horridus
244 746 276 808 et
299 743 437 808 daemon
461 744 490 808 si
513 743 668 810 daemone
692 743 826 828 pellitur
848 747 929 829 atro,

53 831 208 897 Adversa
231 831 364 898 sibimet
387 831 508 898 scissus
531 833 654 898 virtute
677 834 847 916 repugnat.
1022 847 1078 899 ero

53 919 139 996 Quis
162 918 286 1006 poterit
308 919 463 1004 praedam
487 919 584 986 tectis
608 919 735 986 auferre
757 921 916 1005 virorum,

53 1008 100 1074 Ni
125 1009 217 1093 prius
241 1008 415 1092 adgressor
438 1008 608 1075 custodum
632 1007 767 1074 brachia
788 1007 884 1076 nodie

54 1097 206 1181 Vinciat,
229 1096 396 1163 ut'faeilis
420 1097 531 1164 veniat
554 1097 694 1183 direptio
717 1097 880 1182 praedae?

53 1185 204 1270 Quisque
228 1185 309 1250 meis
333 1185 439 1251 aberit
462 1186 621 1252 discretus
644 1185 739 1252 miles
763 1186 804 1251 ab
828 1184 942 1270 ermis,

53 1273 175 1340 Hostis
199 1273 234 1340 in
257 1273 393 1340 adverse
415 1274 574 1340 consistet
596 1274 704 1339 fronte
728 1273 837 1340 duelli.
1026 1290 1078 1339 ouo

57 1363 204 1447 Quisque
227 1363 309 1428 meis
332 1363 489 1447 gregibus
513 1362 665 1448 cogendis
688 1361 772 1428 liber
795 1362 938 1446 aberrat,

54 1450 204 1516 Dissieet
224 1451 281 1516 ille
305 1451 370 1515 mei
391 1451 519 1537 pecoris
542 1472 601 1535 per
625 1450 718 1516 devia
740 1456 864 1536 pastus.

54 1537 121 1605 Sed
147 1539 340 1624 quicumque
363 1539 534 1605 hominum
556 1539 656 1605 fuerit
679 1562 777 1624 super
800 1540 952 1606 omnibus
976 1561 1077 1623 error,
1139 1603 1143 1612 ,

54 1628 193 1694 Dimitti
215 1627 353 1713 poterit;
376 1633 505 1694 tantum
527 1650 568 1694 ne
593 1627 734 1713 Spiritus
757 1651 914 1714 umquem

55 1717 206 1783 Vocibus
230 1717 346 1782 insane
369 1717 531 1784 laceretur
554 1721 664 1782 mente
686 1717 840 1803 profusis.
1026 1733 1077 1784 ere

55 1803 135 1871 Sive
159 1805 272 1872 furens
294 1805 438 1872 hominis
462 1810 540 1872 nato
565 1805 712 1872 convicia
735 1806 907 1890 quisquam

55 1893 208 1979 ingeret,
230 1893 311 1960 haec
335 1894 433 1960 etiem
457 1897 613 1979 poterunt
636 1897 771 1978 peccata
792 1893 927 1958 remitti.

56 1979 204 2066 Spiritus
228 1985 264 2048 at
287 1987 419 2050 sanctus
442 1986 572 2049 tantum
595 1983 784 2066 cuicumque
807 1980 946 2066 profana

56 2070 246 2136 Verborum
268 2071 359 2137 rabie
382 2071 573 2156 violabitur,
597 2071 793 2136 inrevocetis

57 2158 238 2244 Suppliciis
261 2181 347 2226 nuno
371 2163 404 2225 et
427 2182 555 2245 semper
576 2159 756 2226 torrebitur
776 2159 874 2245 ignis.
1024 2175 1078 2225 660

57 2245 196 2322 Quando
220 2247 398 2314 veneniferi
423 2249 583 2332 serpentis
607 2270 704 2314 saeva
727 2269 874 2334 propago

58 2335 256 2402 Sermonum
280 2337 367 2404 dulci
388 2340 512 2422 poterit
536 2337 704 2402 mitescere
727 2336 860 2403 fructu?

56 2423 149 2491 Nam
173 2425 260 2490 bona
282 2425 445 2492 thesauris
468 2429 664 2512 promuntur
687 2425 795 2491 dulcia
816 2426 913 2492 iustis

57 2513 104 2579 Et
129 2514 218 2578 mala
240 2513 368 2580 letifero
391 2515 572 2601 procedunt
596 2537 651 2580 ore
675 2537 807 2582 venena.

57 2601 247 2668 Verborum
271 2602 397 2668 meritis
420 2603 529 2670 veniet
553 2605 613 2670 sub
636 2603 740 2670 iudice
763 2624 882 2688 poena,
1026 2617 1077 2668 636

58 2689 248 2757 Verborum
271 2692 396 2758 meritis
421 2693 553 2758 dabitur
576 2693 636 2757 sub
660 2691 765 2756 iudice
788 2689 866 2756 vita.

104 2781 197 2858 Quae
221 2779 350 2866 genitor
372 2781 483 2864 faciet,
507 2781 685 2847 sectabitur
709 2779 818 2846 omnia
840 2782 951 2864 natus,

59 2867 214 2952 Namque
236 2868 323 2932 idem
346 2873 423 2934 nato
448 2868 638 2934 manifestet
662 2872 779 2934 cuncta
801 2865 939 2933 videnda

58 2955 105 3021 Et
129 2957 262 3043 potiora
285 2954 399 3022 dehinc
422 2957 547 3022 tribuet
570 2956 725 3022 mireoula
748 2977 865 3023 rerum.

60 3043 156 3112 Sicut
180 3043 266 3110 enim
289 3044 418 3130 genitor
441 3045 611 3111 demortua
634 3067 772 3130 corpora
794 3044 907 3111 reddet
1024 3061 1077 3110 646

59 3133 114 3198 Ad
138 3134 264 3199 claram
286 3133 374 3201 vitae
398 3134 517 3220 lucem,
540 3133 586 3200 sio
611 3135 720 3199 omnic
741 3132 863 3219 Natus,

60 3220 153 3296 Quae
177 3221 281 3307 volet,
304 3221 345 3288 ad
359 3245 504 3308 superos
528 3225 698 3311 surgentia
721 3246 858 3310 corpora
881 3224 990 3308 ducet,

136 3382 188 3433 612
208 3376 330 3435 diuulsio
346 3379 463 3448 V¹*Hl,
480 3397 549 3438 erue.
568 3386 632 3438 oute
650 3379 751 3436 diuisio
771 3379 809 3435 0¹
822 3380 831 3448 l
846 3385 897 3434 618
916 3380 946 3434 et
964 3377 1011 3444 M,
1029 3376 1080 3447 utll

61 3453 115 3504 619
133 3455 159 3505 et
177 3454 230 3505 620
248 3453 321 3506 aovi
338 3458 404 3508 suat
423 3452 489 3522 0111
511 3457 564 3508 636
583 3459 608 3509 et
626 3458 678 3508 636
701 3468 763 3506 cum
782 3449 897 3504 O¹RM
914 3450 978 3517 (636
997 3448 1077 3502 omb-

60 3534 110 3575 sue
128 3525 231 3576 arctet
248 3522 281 3576 iu
294 3539 381 3594 morp.
391 3525 444 3592 inf.
458 3525 600 3594 aeppletue
617 3525 665 3592 est)
680 3523 690 3593 ΙΙ
704 3528 755 3577 642
774 3521 870 3575 lumen
884 3518 920 3574 0²
929 3517 1079 3584 V¹P¹Ber,

63 3606 179 3661 superos
205 3591 313 3661 (lumen
334 3595 403 3651 miti
424 3599 502 3652 vetus
523 3595 614 3666 ebuso
636 3609 746 3650 eversu
763 3589 885 3660 praeced.
905 3591 943 3645 ad
962 3603 1079 3660 superos

114 3690 236 3734 Iuvencus.
902 3684 920 3730 4
