2484 4114
460 255 493 311 V.
514 261 600 314 260-
603 261 663 314 826.
1024 257 1067 323 65

38 402 239 488 Consurget
261 401 361 468 radiis
383 401 508 486 puriter
530 401 681 468 redimite
703 401 819 468 salutis

39 491 129 558 Vita
154 490 238 556 mihi
262 489 448 576 cunctisque
471 487 563 556 debit
585 511 645 556 sue
668 511 803 556 munere
826 489 951 557 terris.“
1015 506 1066 558 res

41 579 135 646 Tum
158 579 276 645 Petrus
300 587 420 665 mcg'no
443 578 610 662 perculsus
633 578 732 645 corde
754 578 880 645 dolore.

42 668 210 755 „Absint
232 666 344 734 Christ
329 671 376 752 te,
398 666 480 751 tuis,
503 665 623 752 inquit,
646 671 715 732 tem
738 666 849 733 tristia
872 668 993 734 sanctis

42 719 210 824 ’Μοιιειιι
222 757 338 854 procul
360 755 529 842 membris3
551 775 612 822 nec
633 754 684 820 fes
708 758 760 822 est
781 754 909 822 credere
928 760 1002 822 tent
987 761 1068 841 t,um

43 845 118 911 Nec
142 845 244 910 tibit
229 842 298 910 te‘m
321 844 421 910 durus
443 843 567 928 poterit
589 845 779 930 contingere
802 842 925 910 ocsus.“

44 933 165 1001 Christ
150 937 205 998 tus
229 933 270 1000 ad
287 933 381 998 haec:
404 931 544 1017 „Procul
563 932 652 1017 hinc,
674 933 795 1018 inquit,
817 933 931 1017 procul
950 932 1067 1019 effuge,

746 1021 894 1088 daemon.
1016 1038 1067 1088 coo

44 1109 128 1177 Non
152 1109 262 1176 divine
284 1109 345 1175 tibi
368 1057 510 1174 mentem
532 1109 682 1194 prudent'
673 1131 706 1175 re
728 1110 850 1196 tangit,

47 1198 116 1264 sed
140 1203 273 1264 terrena
295 1197 383 1283 sapis
407 1198 564 1283 mollique
587 1198 705 1263 timore
728 1196 899 1264 tremiscis.

49 1287 116 1354 Sed
142 1289 171 1352 si
194 1287 266 1372 quis
289 1290 434 1353 vestrum
457 1285 598 1372 vestigio
620 1289 734 1351 nostre
757 1289 921 1372 sequetur,

50 1377 209 1462 Abneget
231 1377 301 1459 ipse
325 1375 389 1441 sibi
412 1395 590 1459 corpusque
615 1374 820 1460 animamque
843 1395 997 1442 recusans

48 1465 164 1550 Atque
184 1485 309 1530 crucem
327 1464 495 1548 propriam
514 1463 724 1529 comitatibus
744 1464 860 1529 addere
879 1463 1002 1530 nostris
1017 1479 1069 1530 300

50 1552 219 1637 Gaudeat,
242 1554 397 1619 emissem
419 1552 557 1620 redimet
580 1553 632 1618 cui
655 1551 762 1640 gloria
784 1553 900 1638 vitem3

50 1641 140 1707 Nam
164 1644 294 1710 servate
317 1642 403 1726 perit
424 1641 521 1706 terris
544 1641 709 1725 possessio
732 1641 823 1708 lucis.

52 1729 118 1796 Sed
142 1729 220 1815 quid
242 1730 413 1814 proficient
437 1728 537 1795 saecli
560 1729 715 1795 mortalis
737 1729 867 1815 lucre,-

53 1819 88 1884 si
112 1817 269 1884 damnum
291 1818 430 1884 subeant
453 1817 535 1884 lucis
558 1818 708 1900 vitaeque
731 1817 905 1902 perennis?

52 1906 117 1972 Vel
142 1929 224 1992 quee
247 1907 348 1992 digne
371 1909 493 1991 queunt
516 1906 642 1970 enimse
666 1907 859 1971 commercia
880 1904 981 1990 poni?
1016 1921 1069 1970 310

53 1996 159 2061 Filius
181 1997 245 2062 huc
267 1995 409 2062 hominis
432 1995 541 2062 veniet
565 1995 625 2059 sub
648 1994 780 2060 nomine
803 1995 922 2080 petris,

55 2084 283 2170 Caelestesque
307 2085 399 2150 illum
422 2083 555 2159 fremitu
578 2083 755 2149 comitante
778 2083 918 2149 ministri

55 2172 245 2258 stipabunt,
267 2172 444 2256 reddetque
467 2171 635 2238 hominum
661 2193 720 2238 sue
743 2173 853 2238 debite
875 2173 972 2238 vitae.

56 2261 145 2327 Vere
167 2263 296 2348 loquor:
319 2265 427 2326 certos
449 2260 525 2326 istie
548 2260 609 2326 sub
632 2260 746 2326 limine
769 2262 851 2326 lucis

55 2350 236 2436 inveniam,
259 2350 342 2416 caeli
364 2351 493 2436 fulgens
517 2371 590 2414 cum
613 2370 715 2434 regna
737 2349 933 2434 capessam.“
1018 2365 1070 2415 313

100 2437 190 2504 Haeo
213 2439 271 2504 ubi
293 2439 379 2504 dicte
403 2437 504 2522 dedit,
526 2461 643 2522 pessus
667 2439 717 2502 bis
740 2441 834 2504 terne
858 2438 982 2504 dierum

57 2527 196 2593 Lumine
219 2549 374 2593 converso
397 2532 502 2593 terres
525 2531 748 2592 transcurrere
772 2529 876 2611 caelo,

58 2617 141 2682 Tum
164 2637 274 2682 secum
296 2617 389 2682 iubet
412 2617 587 2700 abruptum
610 2616 824 2681 conscendere
848 2618 993 2680 montem
1052 2687 1054 2692 ,

58 2705 191 2770 Petrum
214 2703 413 2790 Zebedeique
437 2704 518 2770 duos
541 2725 600 2789 per
623 2703 717 2769 devie
739 2708 844 2769 natos.

58 2793 135 2859 Inde
159 2793 215 2858 ubi
237 2801 430 2878 perventum
454 2794 568 2858 secreti
592 2793 713 2858 montis
736 2792 771 2856 in
795 2813 916 2877 arcem,
1020 2809 1073 2858 320

61 2881 222 2948 Continuo
245 2880 396 2948 Christus
419 2881 537 2946 feciem
560 2880 688 2966 fulgore
712 2902 845 2948 corusco
899 2954 901 2961 ,

59 2970 210 3054 Mutetur,
233 2970 397 3056 vestisque
419 2969 504 3035 nivis
529 2968 668 3036 candore
690 2969 830 3036 nitescit.

60 3058 248 3143 Respiciunt
272 3061 407 3125 comites
431 3058 635 3144 mediumque
659 3059 816 3125 adsistere
840 3059 961 3125 eunctis

62 3147 173 3212 Helice
196 3146 366 3234 Moysique
389 3147 509 3212 vident.
546 3145 629 3212 Tum
652 3148 734 3215 telis
756 3147 885 3214 Petrus:

61 3235 230 3322 ,‚Respice,
254 3258 331 3301 num
354 3236 449 3302 nobis
472 3235 582 3320 potius
606 3236 767 3302 discedere
791 3237 902 3323 longe,
1021 3248 1072 3297 325

63 3325 114 3390 An
135 3325 209 3390 istic
231 3329 343 3390 tantae
368 3325 550 3410 spectacula
574 3345 705 3390 cernere
728 3327 825 3391 molis

130 3469 181 3519 296
200 3481 347 3535 percussus
366 3465 409 3519 R*
415 3465 453 3519 M
470 3467 480 3535 ss
504 3470 554 3520 301
574 3463 653 3518 Nihil
671 3465 710 3520 M
722 3467 732 3534 [1
752 3471 803 3520 302
822 3460 965 3518 tremescis
985 3459 1056 3514 ΕΜ
1067 3459 1074 3529 ιι

64 3541 113 3676 {39
128 3535 351 3676 ¹effiqllueoiquue
371 3537 409 3591 M
420 3538 429 3605 11
449 3542 499 3592 322
519 3539 681 3605 vestemque
702 3535 735 3590 0
745 3535 812 3589 Mat
830 3533 839 3602 ΙΙ
859 3537 911 3587 324
928 3527 1074 3600 Moysique

114 3716 125 3753 Ι
128 3726 234 3756 uuuuuuuu
898 3695 914 3740 5
