2484 4114
181 237 224 304 70
598 237 709 293 LIBER
726 237 774 293 111.

178 383 341 464 Possidet,
363 382 493 447 inmites
518 405 614 450 saeuo
638 384 667 448 si
688 388 819 468 pectore
843 383 983 449 fratrum

180 473 318 538 Peccata
342 474 494 537 orantum
517 471 595 537 dure
618 472 733 556 punire
755 471 902 537 voletis.“

224 559 319 626 Talia
342 559 429 626 dicta
452 560 554 646 dedit3
577 559 807 645 Galilaeaeque
831 583 908 626 arva
929 561 1064 646 reliquit

180 648 398 734 Iudaeamque
422 649 519 734 petit,
543 670 607 734 qua
629 649 765 736 pinguia
787 671 865 714 rura
888 649 1022 716 silenter
1151 670 1200 718 ccc

181 737 325 824 Agmine
347 737 503 804 Iordanes
526 737 640 804 viridis
663 738 845 822 perrumpit
870 760 1014 804 amoeno.

179 825 248 892 Nec
271 828 378 893 minus
401 828 436 892 in
460 827 572 892 stratis
596 847 712 914 aegros
737 827 856 892 donare
880 827 998 910 salute,

180 913 398 1001 Sublimisque
420 915 525 999 patris
549 915 724 981 concedere
746 937 882 980 munera
905 919 1060 999 praestat.

180 1004 264 1071 Ecce
287 1003 457 1070 Pharisaei
480 1006 679 1089 temptantes
703 1025 856 1091 quaerere
879 1010 1033 1090 pergami,

180 1091 335 1178 Coniugis
359 1115 402 1158 an
425 1094 521 1158 liccat
544 1094 699 1158 reiectum
723 1093 867 1158 scindere
890 1093 1046 1176 uinclum,
1149 1111 1200 1161 455

179 1179 340 1267 Quicquid
364 1181 440 1268 erit,
463 1181 546 1246 laesi
567 1183 677 1267 tangit
701 1180 787 1266 quod
811 1181 909 1246 corda
932 1182 1051 1247 mariti.

178 1270 269 1337 Haec
292 1271 349 1336 ubi
371 1271 530 1356 percepit,
554 1269 716 1355 depromit
738 1269 820 1335 talia
843 1268 1005 1336 Christus:

178 1359 369 1513 sititet
382 1358 541 1531 ldttt
561 1358 996 1533 llllulllrlltlridim

178 1535 426 1619 Amborumquc
449 1536 575 1600 animas
597 1536 717 1602 iunctis
741 1536 916 1602 inolescere
940 1535 1107 1602 membris.
1148 1554 1199 1603 470

179 1621 273 1702 Quod
296 1622 384 1688 Deus
408 1645 486 1710 ergo
510 1624 601 1689 iubet
622 1625 754 1710 proprio
778 1645 981 1691 concrescere
1005 1625 1125 1709 verbo,

178 1712 345 1778 inlicitum
369 1717 419 1777 est
441 1711 610 1778 hominum
633 1713 728 1779 foedo
753 1734 918 1779 secernere
941 1715 1026 1778 luxu.

179 1800 310 1887 Moyses
334 1801 514 1888 praecepit,
537 1803 624 1886 quod
645 1806 778 1885 pectora
801 1802 881 1867 dura
904 1801 1041 1886 videret,

179 1890 328 1956 Scribere
350 1890 537 1974 discidium,
560 1913 624 1976 quo
649 1913 747 1956 saxea
769 1891 867 1956 corda
889 1891 1010 1956 revinci

178 1979 242 2046 Per
264 1981 414 2065 proprios
439 1979 546 2064 apices
569 1984 703 2064 possent
726 1979 787 2044 sub
810 1978 914 2045 iudice
937 1979 1081 2047 flamma.
1148 1998 1198 2050 475

179 2066 267 2132 Nam
289 2071 411 2134 temere
435 2068 581 2132 exsolvet
604 2068 687 2134 casti
709 2067 766 2154 qui
789 2069 862 2134 iura
885 2068 1000 2134 cubilis

179 2157 356 2241 Alteraque
379 2157 468 2222 illius
491 2156 646 2222 thalamis
671 2155 849 2222 sociabitur
872 2179 961 2240 uxor,
992 2231 995 2236 ⁴

179 2242 310 2309 Crimen
333 2244 485 2310 adulterii
508 2245 632 2330 populo
656 2246 716 2310 sub
739 2248 824 2310 teste
848 2244 999 2311 subibit.“

177 2331 341 2416 Discipuli
362 2332 521 2398 referunt:
544 2332 669 2421 „Urget
691 2334 744 2399 lex
766 2335 832 2399 ista
854 2333 998 2400 virorum

180 2419 376 2506 Servitiique
398 2421 519 2507 premit
541 2443 608 2486 non
631 2443 734 2506 aequo
758 2422 900 2508 pondere
922 2427 1064 2508 partem,
1148 2443 1199 2493 480

178 2509 227 2576 Ut
250 2511 366 2576 melius
388 2509 489 2576 fuerit
511 2509 668 2576 thalamis
692 2511 834 2576 caruisse
857 2510 1011 2596 perosis.“

177 2598 361 2684 Respondit
383 2598 558 2666 Dominus:
581 2598 681 2684 „Non
704 2620 815 2665 omnes
839 2601 981 2685 pondere
1003 2605 1100 2668 tanto

180 2685 348 2755 Subicient
371 2711 514 2774 umeros,
538 2688 642 2754 lectae
666 2693 742 2755 sunt
765 2688 845 2753 talia
868 2688 954 2755 dona

180 2775 333 2843 Virtutis.
371 2778 470 2844 irino
493 2781 686 2844 truncantur
709 2799 845 2862 corpora
868 2800 971 2860 more,

180 2863 269 2940 Quae
292 2867 382 2930 nulla
406 2866 549 2952 gaudent
572 2867 708 2952 genitali
732 2867 804 2952 lege
827 2869 983 2930 tororum.
1147 2885 1196 2936 485

179 2950 328 3038 Namque
353 2954 434 3019 alios
458 2955 541 3020 tales
565 2956 718 3042 progigni
740 2955 776 3018 in
798 2952 930 3019 luminis
955 2975 1028 3020 oras
1126 2995 1135 3014 .

181 3039 419 3126 Comperimus3
441 3044 614 3128 plerosque
637 3043 806 3109 hominum
828 3042 878 3107 vis
901 3043 1007 3108 ferrea
1030 3065 1110 3109 sexu

181 3129 298 3215 Exuit3
323 3135 420 3221 atque
443 3132 526 3199 alios
549 3133 639 3216 ipsos
663 3131 725 3197 sibi
749 3132 876 3196 demere
899 3134 1029 3198 constat

181 3218 245 3284 Pro
269 3219 350 3284 caeli
373 3221 483 3306 regnis
507 3243 646 3307 pronum
669 3220 709 3285 de
730 3225 861 3304 pectore
886 3241 1039 3286 amorem.

251 3380 304 3431 459
324 3375 488 3451 Galileeque
509 3377 547 3430 M
550 3375 615 3430 RB
626 3375 777 3445 TAdd¹·²,
810 3374 976 3450 Galilqaque
995 3375 1039 3445 0¹,
1073 3377 1195 3436 Galilae-

180 3463 234 3516 qus
251 3446 255 3518 Ι
272 3463 352 3516 arva,
369 3465 435 3503 rura
453 3447 514 3502 AL
527 3447 536 3516 ΙΙ
550 3452 602 3528 dot
622 3447 710 3516 pratis
729 3446 783 3511 Ml
799 3447 891 3516 aegris
901 3478 934 3488 -
945 3446 1067 3502 salutem
1077 3449 1195 3521 amnt

179 3521 233 3643 {gg
251 3520 362 3642 fiffit
369 3518 418 3644 olli
436 3521 445 3586 ΙΙ
468 3522 521 3571 470
539 3534 646 3573 animos
664 3517 700 3572 M
720 3520 729 3587 l
752 3523 804 3572 475
824 3519 953 3573 flammae
971 3517 1042 3587 RV,
1062 3519 1177 3578 flamma
1189 3524 1196 3594 ’;
