2484 4114
458 929 617 1007 LIBER
643 930 880 1008 TERTIUS.
917 955 918 958 ’

614 1105 722 1115 ..-

204 1211 349 1279 Fuderat
371 1211 406 1277 in
428 1215 534 1278 terras
557 1232 686 1278 roseum
709 1210 804 1276 iubar
826 1209 1008 1295 ignicomus
1033 1211 1096 1276 sol.

161 1300 323 1388 Discipuli
345 1301 507 1388 rogitant,
528 1300 599 1366 lolii
623 1298 698 1384 quid
722 1297 871 1382 quaestio
894 1297 994 1364 vellet

161 1389 206 1454 Et
230 1390 366 1477 segetis3
388 1390 494 1455 clerus
518 1389 636 1474 quibus
659 1388 739 1452 haec
762 1386 925 1472 depromit
946 1385 1051 1454 Iesus:

162 1475 297 1562 Optima
320 1477 376 1562 qui
399 1477 497 1542 farris
520 1476 726 1544 commendat
749 1474 874 1542 semina
896 1475 1017 1562 glebis,

161 1565 265 1630 Filius
290 1569 340 1630 est
363 1565 519 1650 hominis3
542 1565 698 1631 mundum
722 1565 782 1630 sub
804 1564 935 1630 nomine
957 1564 1043 1630 ruris
1166 1583 1182 1632 5

161 1653 321 1740 Accipite,
345 1657 443 1739 atque
465 1653 613 1718 homines
635 1675 717 1736 puro
740 1675 800 1738 pro
824 1653 946 1720 semine
969 1654 1083 1720 iustos.

160 1741 208 1808 Ac
231 1743 346 1809 lolium
369 1742 482 1808 infelix
505 1742 652 1827 cooperti
674 1742 842 1808 daemonis
866 1745 936 1806 arte

163 1830 247 1897 Sunt
269 1832 432 1917 homines;
454 1831 605 1898 inimicus
629 1831 705 1916 crit,
728 1831 778 1898 vis
801 1829 947 1914 horrida,
970 1829 1121 1916 daemon3

161 1919 338 1987 Extremus
361 1921 474 1986 mundi
496 1919 571 1986 finis
593 1943 653 2005 pro
676 1924 823 2003 tempore
846 1919 972 1984 messis.

160 2007 324 2074 Messores
348 2011 446 2095 patrii
468 2009 600 2076 venient
622 2031 682 2094 per
704 2030 780 2074 rura
803 2007 958 2091 ministri,
1146 2027 1179 2076 10

163 2095 251 2172 Quos
274 2096 417 2163 hominis
439 2100 538 2162 natus
559 2097 685 2182 proprii
707 2097 747 2162 de
770 2117 905 2181 corpore
927 2096 1021 2182 regni

161 2183 325 2272 Colligere
349 2185 467 2252 erroris
489 2188 624 2270 laqueos
647 2185 819 2269 labemque
842 2184 968 2250 iubebit

162 2271 390 2358 Collectosque
414 2273 512 2340 simul
534 2275 656 2358 rapidis
680 2295 812 2338 exurere
834 2273 985 2340 fiammis.

75 2441 82 2454 ἱ
161 2361 325 2428 Dentibus
348 2362 401 2427 his
425 2362 545 2428 stridor
567 2384 696 2447 semper
717 2362 877 2447 fletusque
900 2361 1065 2447 perennis,

162 2448 368 2538 Secretisque
391 2451 455 2536 piis
479 2451 588 2517 veniet
610 2452 665 2516 lux
689 2473 787 2516 auree
809 2452 910 2536 vitae,
1144 2468 1176 2518 15

162 2537 301 2606 Sedibus
325 2545 362 2605 ut
384 2539 467 2606 caeli
489 2538 660 2605 vibrantur
683 2539 808 2604 lumina
830 2538 918 2604 solis.

206 2627 295 2694 Haec
318 2628 429 2695 docuit
450 2628 655 2715 patriamque
677 2628 763 2693 redit
786 2631 934 2694 servator
956 2628 991 2693 in
1013 2629 1137 2696 urbem

160 2715 233 2782 Illic
256 2718 429 2803 expediens
452 2717 581 2802 populis
601 2754 643 2764 —
663 2716 813 2782 mirabile
837 2717 926 2782 dictu
944 2753 988 2764 ·-

162 2804 311 2870 Iustitiae
334 2807 426 2894 leges
449 2807 598 2892 vitaeque
622 2805 767 2871 salubria
789 2805 890 2889 iussa,

161 2891 313 2958 Virtutes
335 2895 461 2979 patries
484 2895 582 2965 simul
605 2894 797 2960 insinuando
821 2892 967 2959 docebat.
1003 2899 1005 2902 ’
1140 2910 1172 2960 20

163 2981 255 3048 Tunc
278 2982 382 3048 livore
405 2982 500 3068 gravi
521 2983 634 3066 plebes
658 2985 821 3048 commota
844 3003 976 3049 suorum

161 3069 411 3156 Praesentisque
435 3071 534 3136 simul
558 3070 634 3134 doni
657 3071 815 3136 miracula
837 3071 971 3136 volvens

162 3158 208 3223 Et
232 3160 360 3247 generis
383 3159 456 3225 noti
477 3161 633 3243 reputans
657 3181 696 3224 ex
719 3160 830 3225 ordine
854 3163 998 3247 gentem,

162 3247 252 3314 Haec
274 3248 361 3314 inter
384 3270 455 3314 sese
478 3247 640 3312 mussanti
661 3270 740 3314 voce
762 3249 927 3314 volutant:

234 3387 369 3458 Irncript.
387 3387 449 3442 orde
468 3365 568 3442 antec(
596 3385 787 3454 unctusque
807 3385 849 3452 0¹,
868 3387 1018 3454 luctusque
1036 3385 1103 3441 MR
1116 3389 1125 3459 l
1139 3392 1167 3442 17

162 3459 289 3513 servator
308 3458 353 3541 Οιῐ·
361 3457 380 3526 ¹,
400 3458 525 3541 salvator
581 3457 688 3580 Rliw²
700 3456 767 3511 doni
787 3455 870 3527 0¹13,
892 3456 940 3511 dr'ni
957 3456 967 3525 ΙΙ
986 3459 1021 3509 24
1038 3457 1168 3514 mussanti

163 3525 195 3580 0¹
202 3527 247 3594 1⁷²,
266 3529 432 3599 musitacii!
449 3529 595 3583 susurrant
651 3525 678 3579 V
