2484 4114
202 183 246 247 90
343 143 353 161 ⁶
619 180 728 236 LIBER
745 181 792 236 IV.

202 326 289 392 Nam
312 325 420 391 fuerat
443 324 559 390 mulier
581 325 709 390 meritis
732 329 865 410 accepta
887 327 1053 414 benignis,
1095 403 1099 410 ‚
1156 342 1189 391 en

203 415 366 500 Obsequio
391 415 481 479 cuius
503 413 702 499 fratremque
726 414 921 500 domumque
943 419 1121 482 merentem

202 504 381 588 Amplexus
404 503 500 586 pleno
524 500 674 568 Christus
697 504 861 569 retinebat
883 526 1002 570 amore.

201 590 347 658 Nuntius
371 591 545 680 adveniens
567 592 703 676 perfert,
727 596 872 658 extrema
894 593 999 658 iacere

202 681 367 746 Dilectum
391 679 522 746 Christo
545 679 694 746 iuvenem
717 703 775 765 per
797 682 907 746 tristia
930 681 1054 747 morbi·

201 769 248 834 Et
270 769 331 834 leti
354 773 387 834 et
409 770 496 834 vitae
519 768 658 856 confinia
681 791 809 834 summa
832 773 1007 835 tenentem.
1033 783 1037 790 '
1155 783 1189 834 313

201 856 342 924 Lazarus
365 857 418 923 hic
441 857 557 924 habuit
579 879 712 936 nomen,
736 858 793 924 sed
817 857 966 927 Christus
991 859 1109 924 amaris

201 946 378 1014 Percussus
400 947 524 1012 verbis:
548 945 648 1030 „Non
671 949 734 1024 est,
758 947 786 1012 si
811 947 958 1030 creditis,
976 947 1087 1034 ‘inquit

201 1036 255 1102 Ad
277 1037 377 1114 letum
401 1035 519 1100 ducens
542 1034 644 1100 istaec
667 1035 824 1100 violentie
847 1035 966 1120 morbi,

202 1124 266 1189 Sed
289 1123 377 1188 Deus
400 1127 438 1188 ut
461 1123 560 1209 digno
583 1123 678 1188 iustis
702 1124 881 1189 celebretur
902 1124 1027 1190 honore

200 1213 247 1279 Et
270 1212 401 1284 suboles
424 1211 567 1278 hominis
590 1216 705 1284 sancta
727 1212 848 1278 virtute
871 1212 1039 1302 nitescat.“
1155 1225 1189 1276 333

203 1301 294 1367 Tune
318 1303 359 1366 ad
382 1301 572 1386 discipulos:
595 1299 749 1385 „Dormit
770 1301 836 1368 iarn
859 1301 1015 1387 Lazarus,
1038 1303 1151 1389 inquit,

202 1389 266 1455 sed
289 1412 398 1457 carum
422 1390 570 1455 iuvenem
593 1389 712 1456 faciam
736 1410 932 1477 consurgere
955 1391 1096 1458 rursus.“

169 1487 171 1491 ’
201 1478 305 1542 Aiunt
328 1478 492 1562 discipuli:
514 1477 659 1562 „Somno
684 1478 852 1544 succedere
875 1479 973 1563 plena
1098 1527 1105 1540 .

199 1565 246 1630 Et
266 1586 410 1631 remeare
433 1567 521 1631 salus
544 1566 703 1654 poterit;“
724 1589 784 1633 nec
808 1572 916 1632 mente
940 1571 1124 1654 sequuntur,

202 1654 295 1732 Quod
318 1659 458 1720 mortem
481 1655 588 1720 somni
611 1656 694 1721 dixit
717 1657 778 1723 sub
801 1657 933 1722 nomine
957 1655 1116 1723 Christus.
1155 1666 1188 1719 sn

199 1742 356 1809 Errcrem
380 1765 517 1829 quorum
540 1743 601 1810 tali
625 1766 772 1810 sermone
795 1746 947 1810 removit:
1030 1815 1032 1819 ,
1115 1757 1116 1762 ’

168 1868 172 1876 ·
199 1831 366 1916 „Lazarus
390 1833 551 1898 inlatum
574 1833 703 1917 cecidit,
728 1833 785 1900 sed
807 1833 928 1920 gaudia
950 1835 1054 1900 menti
1152 1909 1154 1916 Α

199 1921 286 2008 Hine
314 1923 448 1987 veniunt
474 1927 683 2006 vestramque
704 1922 802 1987 fidem
825 1922 913 1987 mihi·
929 1921 1048 1988 fortius
1071 1922 1188 1998 arment,

201 2009 341 2076 Cercitis
365 2011 532 2076 absentem
555 2011 653 2095 longe
677 2012 763 2095 quod
787 2015 903 2076 cuneta
926 2010 1045 2085 ¹videre.

199 2096 263 2162 Sed
284 2098 526 2184 properemus,“
550 2100 604 2166 ait.
641 2098 802 2184 Didymus
825 2103 895 2165 turn
918 2100 1001 2164 talia
1022 2100 1122 2166 fatur:
1154 2109 1188 2162 333

197 2185 400 2272 „Pergamus
423 2187 609 2272 pariterque
633 2210 745 2254 omnes
768 2189 980 2273 procumbere
1003 2189 1069 2254 leto

190 2273 377 2361 ¹Gogamur²
399 2275 521 2340 totiens
546 2277 632 2361 quod
655 2297 735 2362 gens
758 2275 879 2342 Iudaea
901 2275 1075 2354 minatur.“
1188 2353 1190 2358 Ι

198 2363 332 2450 Iamque
356 2364 467 2428 aderat
490 2351 654 2449 Christus,
676 2365 784 2431 frrerat
806 2365 863 2432 scd
886 2365 971 2431 forte
995 2365 1121 2450 sepulto

198 2452 327 2529 Quarta·
346 2453 428 2536 dies,
451 2474 638 2536 mersasque
661 2453 742 2520 atris
766 2453 804 2520 de
828 2457 934 2520 morte
957 2455 1101 2522 tenebris

198 2541 377 2608 Germanas
400 2542 509 2608 luctus
531 2542 767 2626 lacrimosaque
790 2540 878 2626 tecta
901 2542 1065 2608 tenebant.
1154 2551 1187 2604 33

198 2628 384 2697 Convenere
408 2631 488 2695 illuc
511 2631 631 2696 solatia
654 2630 764 2696 debita
788 2631 902 2696 dantes
1169 2627 1171 2636 ’

198 2717 338 2785 Iudaeae
362 2719 470 2806 gentis
493 2741 643 2803 proceres
668 2720 799 2805 carique
821 2719 1006 2805 propinqui.

198 2805 260 2872 sed
284 2807 429 2892 Martha,
453 2807 564 2873 audito
588 2807 756 2873 Christum
779 2809 918 2893 venisse,
941 2809 1103 2874 cucurrit.

199 2895 302 2961 Obvia
325 2896 528 2982 deseruitque
553 2897 685 2962 domum
707 2900 930 2981 maestamque
954 2919 1100 2962 sororem

198 2983 245 3048 Et
266 2984 393 3068 procul:
415 2985 463 3068 „0
486 2985 612 3056 utinam
636 3007 790 3070 praesens
812 2985 918 3051 virtus
942 2989 1000 3050 tna
1019 2986 1116 3052 nobis
1152 2992 1187 3045 340

199 3071 337 3156 Adferat
359 3076 392 3138 et
414 3075 513 3138 morti
536 3074 670 3140 fratrem
695 3074 857 3160 rapuisset
880 3074 1024 3145 acerbae.

197 3159 284 3228 Nam
308 3161 459 3248 quicquid
482 3163 603 3247 poscis,
627 3165 751 3227 certum
775 3165 826 3227 est
848 3162 912 3227 tibi
933 3183 1032 3246 posse
1054 3153 1176 3228 venire.“

268 3323 320 3373 313
340 3318 507 3388 Complexus
527 3318 586 3386 Mn
600 3322 650 3372 313
670 3315 818 3373 Perculsus
829 3317 933 3373 RM**
947 3319 957 3387 t
972 3317 1042 3374 Post
1059 3323 1111 3372 333
1129 3310 1187 3372 cdd¹

75 3395 79 3410 '
150 3394 153 3399 '
197 3394 242 3444 tes
263 3395 303 3444 est
324 3391 369 3446 hic
391 3403 497 3444 vesus:
529 3389 606 3444 Haec
630 3387 671 3443 ait
694 3387 854 3444 ct'Ohristo
877 3389 972 3444 cuncti
994 3388 1146 3458 praeeunte
1161 3397 1187 3434 re·

198 3463 320 3526 quuntur
344 3459 732 3530 RV1aLMat1389Mec,
765 3461 797 3514 tn
821 3476 907 3528 musy·
934 3461 988 3527 inf·
1013 3448 1188 3530 mmm

201 3527 241 3582 V’
254 3531 264 3598 fl
277 3535 329 3585 340
349 3529 371 3584 Ο
391 3531 480 3586 omiss.
501 3529 580 3584 0¹M
588 3529 627 3599 Sy
641 3531 651 3598 d
664 3535 716 3584 343
735 3545 836 3598 posces
854 3529 916 3586 oce
