<?xml version="1.0" encoding="UTF-8"?>
<!DOCTYPE html PUBLIC "-//W3C//DTD XHTML 1.0 Transitional//EN"
    "http://www.w3.org/TR/xhtml1/DTD/xhtml1-transitional.dtd">
<html xmlns="http://www.w3.org/1999/xhtml" xml:lang="en" lang="en">
 <head>
  <title>
</title>
<meta http-equiv="Content-Type" content="text/html;charset=utf-8" />
  <meta name='ocr-system' content='tesseract 3.04.00' />
  <meta name='ocr-capabilities' content='ocr_page ocr_carea ocr_par ocr_line ocrx_word'/>
</head>
<body>
  <div class='ocr_page' id='page_1' title='image "./cvettiaquilinii00marogoog_0125.png"; bbox 0 0 2484 4114; ppageno 0'>
   <div class='ocr_carea' id='block_1_1' title="bbox 169 141 765 209">
    <p class='ocr_par' dir='ltr' id='par_1_1' title="bbox 169 141 765 209">
     <span class='ocr_line' id='line_1_1' title="bbox 169 141 765 209; baseline 0 -13"><span class='ocrx_word' id='word_1_1' title='bbox 169 145 234 209; x_wconf 72' lang='lat'>104</span> <span class='ocrx_word' id='word_1_2' title='bbox 591 141 699 197; x_wconf 80' lang='lat' dir='ltr'><strong>LIBER</strong></span> <span class='ocrx_word' id='word_1_3' title='bbox 718 142 765 197; x_wconf 89' lang='lat' dir='ltr'>IV.</span> 
     </span>
    </p>
   </div>
   <div class='ocr_carea' id='block_1_2' title="bbox 160 287 1238 3193">
    <p class='ocr_par' dir='ltr' id='par_1_2' title="bbox 160 287 1238 3193">
     <span class='ocr_line' id='line_1_2' title="bbox 171 287 1071 373; baseline -0.001 -18"><span class='ocrx_word' id='word_1_4' title='bbox 171 288 353 355; x_wconf 85' lang='lat' dir='ltr'>Occurrunt</span> <span class='ocrx_word' id='word_1_5' title='bbox 375 289 452 354; x_wconf 89' lang='lat' dir='ltr'>illae</span> <span class='ocrx_word' id='word_1_6' title='bbox 476 292 509 352; x_wconf 92' lang='lat' dir='ltr'>et</span> <span class='ocrx_word' id='word_1_7' title='bbox 532 288 668 373; x_wconf 78' lang='lat' dir='ltr'><strong>genibus</strong></span> <span class='ocrx_word' id='word_1_8' title='bbox 690 287 879 373; x_wconf 76' lang='lat' dir='ltr'><strong>plantisque</strong></span> <span class='ocrx_word' id='word_1_9' title='bbox 901 288 1071 372; x_wconf 81' lang='lat' dir='ltr'>prehensis</span> 
     </span>
     <span class='ocr_line' id='line_1_3' title="bbox 170 376 935 462; baseline -0.004 -19"><span class='ocrx_word' id='word_1_10' title='bbox 170 377 338 444; x_wconf 85' lang='lat' dir='ltr'>Victorem</span> <span class='ocrx_word' id='word_1_11' title='bbox 361 377 419 442; x_wconf 89' lang='lat' dir='ltr'>leti</span> <span class='ocrx_word' id='word_1_12' title='bbox 442 377 577 462; x_wconf 77' lang='lat' dir='ltr'>pavidae</span> <span class='ocrx_word' id='word_1_13' title='bbox 600 379 796 442; x_wconf 85' lang='lat' dir='ltr'>venerantur</span> <span class='ocrx_word' id='word_1_14' title='bbox 818 376 935 442; x_wconf 90' lang='lat' dir='ltr'>Iesum.</span> 
     </span>
     <span class='ocr_line' id='line_1_4' title="bbox 172 464 1238 551; baseline 0.002 -19"><span class='ocrx_word' id='word_1_15' title='bbox 172 466 308 532; x_wconf 82' lang='lat' dir='ltr'>Talibus</span> <span class='ocrx_word' id='word_1_16' title='bbox 332 465 388 530; x_wconf 92' lang='lat' dir='ltr'>ille</span> <span class='ocrx_word' id='word_1_17' title='bbox 412 465 528 532; x_wconf 91' lang='lat' dir='ltr'>dehinc</span> <span class='ocrx_word' id='word_1_18' title='bbox 550 464 732 551; x_wconf 69' lang='lat' dir='ltr'>praeceptis</span> <span class='ocrx_word' id='word_1_19' title='bbox 755 467 888 550; x_wconf 84' lang='lat' dir='ltr'>pectora</span> <span class='ocrx_word' id='word_1_20' title='bbox 911 465 1034 531; x_wconf 84' lang='lat' dir='ltr'>firmat:</span> <span class='ocrx_word' id='word_1_21' title='bbox 1148 484 1210 534; x_wconf 92' lang='grc'>770</span> <span class='ocrx_word' id='word_1_22' title='bbox 1237 505 1238 550; x_wconf 53' lang='grc'>7</span> 
     </span>
     <span class='ocr_line' id='line_1_5' title="bbox 169 553 1238 640; baseline 0 -20"><span class='ocrx_word' id='word_1_23' title='bbox 169 554 357 640; x_wconf 79' lang='lat' dir='ltr'>„Mentibus</span> <span class='ocrx_word' id='word_1_24' title='bbox 381 554 520 620; x_wconf 86' lang='lat' dir='ltr'>absistat</span> <span class='ocrx_word' id='word_1_25' title='bbox 543 553 618 620; x_wconf 89' lang='lat' dir='ltr'>fidei</span> <span class='ocrx_word' id='word_1_26' title='bbox 641 575 743 638; x_wconf 84' lang='lat' dir='ltr'>pavor</span> <span class='ocrx_word' id='word_1_27' title='bbox 767 554 872 618; x_wconf 90' lang='lat' dir='ltr'>omnis</span> <span class='ocrx_word' id='word_1_28' title='bbox 897 559 930 619; x_wconf 92' lang='lat' dir='ltr'>et</span> <span class='ocrx_word' id='word_1_29' title='bbox 952 555 1018 620; x_wconf 89' lang='lat' dir='ltr'>ista</span> <span class='ocrx_word' id='word_1_30' title='bbox 1237 579 1238 590; x_wconf 56' lang='lat'>¹</span> 
     </span>
     <span class='ocr_line' id='line_1_6' title="bbox 170 642 1037 726; baseline 0 -18"><span class='ocrx_word' id='word_1_31' title='bbox 170 643 339 709; x_wconf 75' lang='lat' dir='ltr'>Fratribus</span> <span class='ocrx_word' id='word_1_32' title='bbox 364 665 403 708; x_wconf 91' lang='lat' dir='ltr'>en</span> <span class='ocrx_word' id='word_1_33' title='bbox 426 643 548 708; x_wconf 83' lang='lat' dir='ltr'>nostris</span> <span class='ocrx_word' id='word_1_34' title='bbox 572 663 709 726; x_wconf 87' lang='lat' dir='ltr'>propere</span> <span class='ocrx_word' id='word_1_35' title='bbox 732 642 886 708; x_wconf 91' lang='lat' dir='ltr'>mandata</span> <span class='ocrx_word' id='word_1_36' title='bbox 909 643 1037 708; x_wconf 85' lang='lat' dir='ltr'>referte.</span> 
     </span>
     <span class='ocr_line' id='line_1_7' title="bbox 171 731 983 817; baseline -0.001 -19"><span class='ocrx_word' id='word_1_37' title='bbox 171 731 287 798; x_wconf 88' lang='lat' dir='ltr'>Nostri</span> <span class='ocrx_word' id='word_1_38' title='bbox 310 736 502 817; x_wconf 85' lang='lat' dir='ltr'>conspectus</span> <span class='ocrx_word' id='word_1_39' title='bbox 527 731 555 796; x_wconf 90' lang='lat' dir='ltr'>si</span> <span class='ocrx_word' id='word_1_40' title='bbox 578 752 656 796; x_wconf 89' lang='lat' dir='ltr'>cura</span> <span class='ocrx_word' id='word_1_41' title='bbox 680 733 743 810; x_wconf 87' lang='lat' dir='ltr'>est,</span> <span class='ocrx_word' id='word_1_42' title='bbox 766 731 813 796; x_wconf 87' lang='lat' dir='ltr'>ite</span> <span class='ocrx_word' id='word_1_43' title='bbox 836 732 983 797; x_wconf 87' lang='lat' dir='ltr'>volentes</span> 
     </span>
     <span class='ocr_line' id='line_1_8' title="bbox 172 818 1053 905; baseline 0 -20"><span class='ocrx_word' id='word_1_44' title='bbox 172 821 274 905; x_wconf 85' lang='lat' dir='ltr'>Inque</span> <span class='ocrx_word' id='word_1_45' title='bbox 298 818 477 886; x_wconf 80' lang='lat' dir='ltr'>Galilaeam</span> <span class='ocrx_word' id='word_1_46' title='bbox 502 841 639 904; x_wconf 88' lang='lat' dir='ltr'>propere</span> <span class='ocrx_word' id='word_1_47' title='bbox 662 820 876 885; x_wconf 88' lang='lat' dir='ltr'>transcurrite</span> <span class='ocrx_word' id='word_1_48' title='bbox 899 820 1053 886; x_wconf 86' lang='lat' dir='ltr'>terram.“</span> 
     </span>
     <span class='ocr_line' id='line_1_9' title="bbox 215 908 1203 994; baseline 0 -19"><span class='ocrx_word' id='word_1_49' title='bbox 215 909 344 975; x_wconf 83' lang='lat' dir='ltr'>Interea</span> <span class='ocrx_word' id='word_1_50' title='bbox 366 909 493 974; x_wconf 88' lang='lat' dir='ltr'>tumulo</span> <span class='ocrx_word' id='word_1_51' title='bbox 518 908 687 974; x_wconf 88' lang='lat' dir='ltr'>custodum</span> <span class='ocrx_word' id='word_1_52' title='bbox 712 908 869 974; x_wconf 86' lang='lat' dir='ltr'>exterrita</span> <span class='ocrx_word' id='word_1_53' title='bbox 892 909 1002 994; x_wconf 80' lang='lat' dir='ltr'>corda3</span> <span class='ocrx_word' id='word_1_54' title='bbox 1140 927 1203 977; x_wconf 83' lang='grc'>775</span> 
     </span>
     <span class='ocr_line' id='line_1_10' title="bbox 160 997 1053 1081; baseline -0.002 -17"><span class='ocrx_word' id='word_1_55' title='bbox 160 997 308 1064; x_wconf 83' lang='lat' dir='ltr'>&#39;Mittunt</span> <span class='ocrx_word' id='word_1_56' title='bbox 332 1018 505 1063; x_wconf 89' lang='lat' dir='ltr'>enumero</span> <span class='ocrx_word' id='word_1_57' title='bbox 529 1000 670 1081; x_wconf 85' lang='lat' dir='ltr'>partem,</span> <span class='ocrx_word' id='word_1_58' title='bbox 694 1019 777 1081; x_wconf 89' lang='lat' dir='ltr'>quae</span> <span class='ocrx_word' id='word_1_59' title='bbox 800 999 895 1062; x_wconf 81' lang='lat' dir='ltr'>tanta</span> <span class='ocrx_word' id='word_1_60' title='bbox 917 997 1053 1064; x_wconf 87' lang='lat' dir='ltr'>referret</span> 
     </span>
     <span class='ocr_line' id='line_1_11' title="bbox 171 1083 994 1152; baseline 0 -1"><span class='ocrx_word' id='word_1_61' title='bbox 171 1086 299 1152; x_wconf 88' lang='lat' dir='ltr'>Iudaeis</span> <span class='ocrx_word' id='word_1_62' title='bbox 323 1108 432 1152; x_wconf 91' lang='lat' dir='ltr'>rerum</span> <span class='ocrx_word' id='word_1_63' title='bbox 455 1085 621 1152; x_wconf 88' lang='lat' dir='ltr'>miracula.</span> <span class='ocrx_word' id='word_1_64' title='bbox 658 1083 720 1150; x_wconf 81' lang='lat' dir='ltr'>Sed</span> <span class='ocrx_word' id='word_1_65' title='bbox 743 1107 858 1151; x_wconf 89' lang='lat' dir='ltr'>manus</span> <span class='ocrx_word' id='word_1_66' title='bbox 883 1108 994 1152; x_wconf 90' lang='lat' dir='ltr'>amens</span> 
     </span>
     <span class='ocr_line' id='line_1_12' title="bbox 172 1173 926 1258; baseline -0.001 -18"><span class='ocrx_word' id='word_1_67' title='bbox 172 1175 243 1241; x_wconf 89' lang='lat' dir='ltr'>Iam</span> <span class='ocrx_word' id='word_1_68' title='bbox 268 1175 368 1241; x_wconf 89' lang='lat' dir='ltr'>semel</span> <span class='ocrx_word' id='word_1_69' title='bbox 392 1175 508 1241; x_wconf 89' lang='lat' dir='ltr'>insano</span> <span class='ocrx_word' id='word_1_70' title='bbox 532 1174 660 1258; x_wconf 86' lang='lat' dir='ltr'>penitus</span> <span class='ocrx_word' id='word_1_71' title='bbox 686 1173 803 1240; x_wconf 80' lang='lat' dir='ltr'>devota</span> <span class='ocrx_word' id='word_1_72' title='bbox 824 1173 926 1239; x_wconf 85' lang='lat' dir='ltr'>furori</span> 
     </span>
     <span class='ocr_line' id='line_1_13' title="bbox 172 1263 993 1349; baseline -0.001 -20"><span class='ocrx_word' id='word_1_73' title='bbox 172 1264 322 1330; x_wconf 85' lang='lat' dir='ltr'>Praemia</span> <span class='ocrx_word' id='word_1_74' title='bbox 344 1264 504 1330; x_wconf 88' lang='lat' dir='ltr'>militibus</span> <span class='ocrx_word' id='word_1_75' title='bbox 528 1263 678 1333; x_wconf 63' lang='lat' dir='ltr'>certatim</span> <span class='ocrx_word' id='word_1_76' title='bbox 700 1284 821 1349; x_wconf 82' lang='lat' dir='ltr'>magna</span> <span class='ocrx_word' id='word_1_77' title='bbox 844 1263 993 1349; x_wconf 90' lang='lat' dir='ltr'>rependit</span> 
     </span>
     <span class='ocr_line' id='line_1_14' title="bbox 172 1351 1196 1440; baseline 0.001 -22"><span class='ocrx_word' id='word_1_78' title='bbox 172 1353 217 1418; x_wconf 82' lang='lat' dir='ltr'>Et</span> <span class='ocrx_word' id='word_1_79' title='bbox 239 1353 361 1419; x_wconf 88' lang='lat' dir='ltr'>famam</span> <span class='ocrx_word' id='word_1_80' title='bbox 385 1356 521 1440; x_wconf 79' lang='lat' dir='ltr'>argento</span> <span class='ocrx_word' id='word_1_81' title='bbox 544 1351 687 1436; x_wconf 83' lang='lat' dir='ltr'>redimit,</span> <span class='ocrx_word' id='word_1_82' title='bbox 710 1352 794 1437; x_wconf 89' lang='lat' dir='ltr'>quod</span> <span class='ocrx_word' id='word_1_83' title='bbox 817 1351 929 1417; x_wconf 89' lang='lat' dir='ltr'>limine</span> <span class='ocrx_word' id='word_1_84' title='bbox 952 1355 1049 1437; x_wconf 87' lang='lat' dir='ltr'>rupto</span> <span class='ocrx_word' id='word_1_85' title='bbox 1091 1398 1093 1402; x_wconf 80' lang='lat'><em>.</em></span> <span class='ocrx_word' id='word_1_86' title='bbox 1141 1369 1196 1420; x_wconf 84' lang='grc'>780</span> 
     </span>
     <span class='ocr_line' id='line_1_15' title="bbox 172 1439 953 1526; baseline 0 -22"><span class='ocrx_word' id='word_1_87' title='bbox 172 1439 299 1507; x_wconf 81' lang='lat' dir='ltr'>Furtim</span> <span class='ocrx_word' id='word_1_88' title='bbox 323 1442 491 1506; x_wconf 85' lang='lat' dir='ltr'>sustulerit</span> <span class='ocrx_word' id='word_1_89' title='bbox 514 1463 631 1526; x_wconf 88' lang='lat' dir='ltr'>corpus</span> <span class='ocrx_word' id='word_1_90' title='bbox 655 1440 787 1506; x_wconf 84' lang='lat' dir='ltr'>defensa</span> <span class='ocrx_word' id='word_1_91' title='bbox 810 1441 953 1506; x_wconf 91' lang='lat' dir='ltr'>tenebris</span> 
     </span>
     <span class='ocr_line' id='line_1_16' title="bbox 173 1528 880 1614; baseline 0 -19"><span class='ocrx_word' id='word_1_92' title='bbox 173 1528 306 1595; x_wconf 81' lang='lat' dir='ltr'>Occulta</span> <span class='ocrx_word' id='word_1_93' title='bbox 329 1529 458 1614; x_wconf 86' lang='lat' dir='ltr'>rapiens</span> <span class='ocrx_word' id='word_1_94' title='bbox 482 1528 617 1594; x_wconf 85' lang='lat' dir='ltr'>audacia</span> <span class='ocrx_word' id='word_1_95' title='bbox 640 1528 880 1614; x_wconf 89' lang='lat' dir='ltr'>discipulorum.</span> 
     </span>
     <span class='ocr_line' id='line_1_17' title="bbox 217 1615 1064 1702; baseline 0.002 -22"><span class='ocrx_word' id='word_1_96' title='bbox 217 1615 350 1702; x_wconf 87' lang='lat' dir='ltr'>Iamque</span> <span class='ocrx_word' id='word_1_97' title='bbox 375 1615 539 1682; x_wconf 85' lang='lat' dir='ltr'>Galilaeos</span> <span class='ocrx_word' id='word_1_98' title='bbox 564 1617 794 1683; x_wconf 89' lang='lat' dir='ltr'>conscenderat</span> <span class='ocrx_word' id='word_1_99' title='bbox 816 1617 913 1683; x_wconf 86' lang='lat' dir='ltr'>anxia</span> <span class='ocrx_word' id='word_1_100' title='bbox 935 1620 1064 1683; x_wconf 90' lang='lat' dir='ltr'>montes</span> 
     </span>
     <span class='ocr_line' id='line_1_18' title="bbox 173 1703 992 1787; baseline 0 -17"><span class='ocrx_word' id='word_1_101' title='bbox 173 1705 337 1774; x_wconf 84' lang='lat' dir='ltr'>Mandatis</span> <span class='ocrx_word' id='word_1_102' title='bbox 363 1703 486 1771; x_wconf 77' lang='lat' dir='ltr'>Christi</span> <span class='ocrx_word' id='word_1_103' title='bbox 509 1727 701 1772; x_wconf 89' lang='lat' dir='ltr'>concurrens</span> <span class='ocrx_word' id='word_1_104' title='bbox 716 1707 822 1787; x_wconf 31' lang='lat' dir='ltr'>,turba</span> <span class='ocrx_word' id='word_1_105' title='bbox 846 1728 992 1772; x_wconf 74' lang='lat' dir='ltr'>suorumt</span> 
     </span>
     <span class='ocr_line' id='line_1_19' title="bbox 174 1793 1192 1879; baseline 0.002 -19"><span class='ocrx_word' id='word_1_106' title='bbox 174 1793 324 1862; x_wconf 83' lang='lat' dir='ltr'>Cernitur</span> <span class='ocrx_word' id='word_1_107' title='bbox 348 1817 420 1861; x_wconf 89' lang='lat' dir='ltr'>ecce</span> <span class='ocrx_word' id='word_1_108' title='bbox 444 1794 511 1861; x_wconf 86' lang='lat' dir='ltr'>suis</span> <span class='ocrx_word' id='word_1_109' title='bbox 534 1796 642 1879; x_wconf 89' lang='lat' dir='ltr'>proles</span> <span class='ocrx_word' id='word_1_110' title='bbox 666 1794 848 1860; x_wconf 90' lang='lat' dir='ltr'>veneranda</span> <span class='ocrx_word' id='word_1_111' title='bbox 870 1795 1026 1861; x_wconf 83' lang='lat' dir='ltr'>tonantis.</span> <span class='ocrx_word' id='word_1_112' title='bbox 1138 1811 1192 1862; x_wconf 79' lang='grc'>785</span> 
     </span>
     <span class='ocr_line' id='line_1_20' title="bbox 173 1871 1067 1970; baseline -0.001 -21"><span class='ocrx_word' id='word_1_113' title='bbox 173 1883 269 1950; x_wconf 91' lang='lat' dir='ltr'>Illum</span> <span class='ocrx_word' id='word_1_114' title='bbox 293 1885 509 1970; x_wconf 80' lang='lat' dir='ltr'>procumbens</span> <span class='ocrx_word' id='word_1_115' title='bbox 533 1887 644 1949; x_wconf 85' lang='lat' dir='ltr'>sancte</span> <span class='ocrx_word' id='word_1_116' title='bbox 667 1871 784 1949; x_wconf 81' lang='lat' dir='ltr'>chorus</span> <span class='ocrx_word' id='word_1_117' title='bbox 807 1884 914 1950; x_wconf 91' lang='lat' dir='ltr'>omnis</span> <span class='ocrx_word' id='word_1_118' title='bbox 937 1884 1067 1969; x_wconf 78' lang='lat' dir='ltr'>adorat3</span> 
     </span>
     <span class='ocr_line' id='line_1_21' title="bbox 173 1971 1061 2056; baseline 0 -18"><span class='ocrx_word' id='word_1_119' title='bbox 173 1971 243 2039; x_wconf 89' lang='lat' dir='ltr'>Nec</span> <span class='ocrx_word' id='word_1_120' title='bbox 264 1977 376 2038; x_wconf 90' lang='lat' dir='ltr'>tamen</span> <span class='ocrx_word' id='word_1_121' title='bbox 398 1972 434 2038; x_wconf 89' lang='lat' dir='ltr'>in</span> <span class='ocrx_word' id='word_1_122' title='bbox 457 1973 580 2038; x_wconf 88' lang='lat' dir='ltr'>cunctis</span> <span class='ocrx_word' id='word_1_123' title='bbox 603 1972 728 2056; x_wconf 88' lang='lat' dir='ltr'>pariter</span> <span class='ocrx_word' id='word_1_124' title='bbox 749 1971 886 2038; x_wconf 88' lang='lat' dir='ltr'>fundata</span> <span class='ocrx_word' id='word_1_125' title='bbox 908 1973 1061 2039; x_wconf 87' lang='lat' dir='ltr'>manebat</span> 
     </span>
     <span class='ocr_line' id='line_1_22' title="bbox 173 2060 1043 2145; baseline 0.001 -19"><span class='ocrx_word' id='word_1_126' title='bbox 173 2061 364 2127; x_wconf 75' lang='lat' dir='ltr'>Pectoribus</span> <span class='ocrx_word' id='word_1_127' title='bbox 387 2061 505 2144; x_wconf 82' lang='lat' dir='ltr'>virtus,</span> <span class='ocrx_word' id='word_1_128' title='bbox 527 2083 603 2126; x_wconf 89' lang='lat' dir='ltr'>nam</span> <span class='ocrx_word' id='word_1_129' title='bbox 626 2082 703 2145; x_wconf 89' lang='lat' dir='ltr'>pars</span> <span class='ocrx_word' id='word_1_130' title='bbox 727 2060 899 2127; x_wconf 88' lang='lat' dir='ltr'>dubitabat</span> <span class='ocrx_word' id='word_1_131' title='bbox 922 2082 1043 2127; x_wconf 88' lang='lat' dir='ltr'>eorum.</span> 
     </span>
     <span class='ocr_line' id='line_1_23' title="bbox 174 2149 989 2234; baseline 0.001 -20"><span class='ocrx_word' id='word_1_132' title='bbox 174 2149 266 2214; x_wconf 72' lang='lat' dir='ltr'>Timo</span> <span class='ocrx_word' id='word_1_133' title='bbox 288 2149 334 2215; x_wconf 90' lang='lat' dir='ltr'>sic</span> <span class='ocrx_word' id='word_1_134' title='bbox 358 2150 534 2234; x_wconf 84' lang='lat' dir='ltr'>discipulos</span> <span class='ocrx_word' id='word_1_135' title='bbox 558 2150 664 2215; x_wconf 89' lang='lat' dir='ltr'>clarus</span> <span class='ocrx_word' id='word_1_136' title='bbox 688 2150 862 2234; x_wconf 87' lang='lat' dir='ltr'>compellat</span> <span class='ocrx_word' id='word_1_137' title='bbox 884 2150 989 2216; x_wconf 87' lang='lat' dir='ltr'>Iesus:</span> 
     </span>
     <span class='ocr_line' id='line_1_24' title="bbox 174 2237 1186 2324; baseline 0.004 -22"><span class='ocrx_word' id='word_1_138' title='bbox 174 2237 236 2322; x_wconf 82' lang='lat' dir='ltr'>„In</span> <span class='ocrx_word' id='word_1_139' title='bbox 260 2237 349 2303; x_wconf 90' lang='lat' dir='ltr'>caelo</span> <span class='ocrx_word' id='word_1_140' title='bbox 374 2242 407 2304; x_wconf 88' lang='lat' dir='ltr'>et</span> <span class='ocrx_word' id='word_1_141' title='bbox 429 2239 524 2304; x_wconf 89' lang='lat' dir='ltr'>terris</span> <span class='ocrx_word' id='word_1_142' title='bbox 548 2238 677 2324; x_wconf 81' lang='lat' dir='ltr'>genitor</span> <span class='ocrx_word' id='word_1_143' title='bbox 700 2238 781 2304; x_wconf 92' lang='lat' dir='ltr'>mihi</span> <span class='ocrx_word' id='word_1_144' title='bbox 805 2241 921 2304; x_wconf 87' lang='lat' dir='ltr'>cuncta</span> <span class='ocrx_word' id='word_1_145' title='bbox 944 2239 1088 2324; x_wconf 80' lang='lat' dir='ltr'>subegit,</span> <span class='ocrx_word' id='word_1_146' title='bbox 1134 2257 1186 2306; x_wconf 92' lang='grc'>790</span> 
     </span>
     <span class='ocr_line' id='line_1_25' title="bbox 174 2326 999 2412; baseline 0.002 -22"><span class='ocrx_word' id='word_1_147' title='bbox 174 2326 227 2391; x_wconf 89' lang='lat' dir='ltr'>Me</span> <span class='ocrx_word' id='word_1_148' title='bbox 250 2329 344 2410; x_wconf 87' lang='lat' dir='ltr'>pater</span> <span class='ocrx_word' id='word_1_149' title='bbox 367 2329 418 2390; x_wconf 86' lang='grc'>771</span> <span class='ocrx_word' id='word_1_150' title='bbox 440 2326 534 2391; x_wconf 88' lang='lat' dir='ltr'>vobis</span> <span class='ocrx_word' id='word_1_151' title='bbox 557 2326 710 2412; x_wconf 79' lang='lat' dir='ltr'>dignatus</span> <span class='ocrx_word' id='word_1_152' title='bbox 733 2328 863 2394; x_wconf 86' lang='lat' dir='ltr'>mittere</span> <span class='ocrx_word' id='word_1_153' title='bbox 886 2327 999 2393; x_wconf 88' lang='lat' dir='ltr'>lucem.</span> 
     </span>
     <span class='ocr_line' id='line_1_26' title="bbox 174 2413 1131 2501; baseline 0.001 -20"><span class='ocrx_word' id='word_1_154' title='bbox 174 2413 334 2481; x_wconf 81' lang='lat' dir='ltr'>Gentibus</span> <span class='ocrx_word' id='word_1_155' title='bbox 358 2414 440 2479; x_wconf 85' lang='lat' dir='ltr'>haut</span> <span class='ocrx_word' id='word_1_156' title='bbox 463 2414 559 2479; x_wconf 88' lang='lat' dir='ltr'>aliter</span> <span class='ocrx_word' id='word_1_157' title='bbox 580 2437 666 2480; x_wconf 91' lang='lat' dir='ltr'>nunc</span> <span class='ocrx_word' id='word_1_158' title='bbox 688 2437 746 2481; x_wconf 88' lang='grc'>777</span> <span class='ocrx_word' id='word_1_159' title='bbox 770 2437 831 2501; x_wconf 82' lang='lat' dir='ltr'>ego</span> <span class='ocrx_word' id='word_1_160' title='bbox 854 2415 986 2482; x_wconf 89' lang='lat' dir='ltr'>mittere</span> <span class='ocrx_word' id='word_1_161' title='bbox 1008 2416 1131 2482; x_wconf 88' lang='lat' dir='ltr'>cunctis</span> 
     </span>
     <span class='ocr_line' id='line_1_27' title="bbox 173 2503 1122 2591; baseline 0 -21"><span class='ocrx_word' id='word_1_162' title='bbox 173 2503 320 2590; x_wconf 86' lang='lat' dir='ltr'>Institui,</span> <span class='ocrx_word' id='word_1_163' title='bbox 342 2506 488 2568; x_wconf 87' lang='lat' dir='ltr'>vestrum</span> <span class='ocrx_word' id='word_1_164' title='bbox 511 2507 562 2568; x_wconf 88' lang='lat' dir='ltr'>est</span> <span class='ocrx_word' id='word_1_165' title='bbox 585 2507 716 2570; x_wconf 86' lang='lat' dir='ltr'>cunctas</span> <span class='ocrx_word' id='word_1_166' title='bbox 740 2505 821 2569; x_wconf 91' lang='lat' dir='ltr'>mihi</span> <span class='ocrx_word' id='word_1_167' title='bbox 843 2505 978 2591; x_wconf 85' lang='lat' dir='ltr'>iungere</span> <span class='ocrx_word' id='word_1_168' title='bbox 1001 2509 1122 2590; x_wconf 79' lang='lat' dir='ltr'>gentes.</span> 
     </span>
     <span class='ocr_line' id='line_1_28' title="bbox 173 2592 1046 2680; baseline 0 -22"><span class='ocrx_word' id='word_1_169' title='bbox 173 2593 306 2680; x_wconf 82' lang='lat' dir='ltr'>Pergite</span> <span class='ocrx_word' id='word_1_170' title='bbox 329 2596 363 2659; x_wconf 86' lang='lat' dir='ltr'>et</span> <span class='ocrx_word' id='word_1_171' title='bbox 382 2592 515 2659; x_wconf 88' lang='lat' dir='ltr'>ablutos</span> <span class='ocrx_word' id='word_1_172' title='bbox 539 2592 688 2660; x_wconf 89' lang='lat' dir='ltr'>homines</span> <span class='ocrx_word' id='word_1_173' title='bbox 712 2593 928 2680; x_wconf 80' lang='lat' dir='ltr'>purgantibus</span> <span class='ocrx_word' id='word_1_174' title='bbox 951 2593 1046 2658; x_wconf 92' lang='lat' dir='ltr'>undis</span> 
     </span>
     <span class='ocr_line' id='line_1_29' title="bbox 174 2681 1181 2767; baseline 0.001 -19"><span class='ocrx_word' id='word_1_175' title='bbox 174 2681 314 2748; x_wconf 90' lang='lat' dir='ltr'>Nomine</span> <span class='ocrx_word' id='word_1_176' title='bbox 338 2682 397 2748; x_wconf 89' lang='lat' dir='ltr'>sub</span> <span class='ocrx_word' id='word_1_177' title='bbox 422 2685 534 2749; x_wconf 88' lang='lat' dir='ltr'>sancto</span> <span class='ocrx_word' id='word_1_178' title='bbox 557 2681 662 2767; x_wconf 83' lang='lat' dir='ltr'>patris</span> <span class='ocrx_word' id='word_1_179' title='bbox 683 2683 819 2767; x_wconf 90' lang='lat' dir='ltr'>natique</span> <span class='ocrx_word' id='word_1_180' title='bbox 842 2683 965 2766; x_wconf 85' lang='lat' dir='ltr'>lavate,</span> <span class='ocrx_word' id='word_1_181' title='bbox 1133 2699 1181 2749; x_wconf 75' lang='grc'>795</span> 
     </span>
     <span class='ocr_line' id='line_1_30' title="bbox 173 2769 938 2854; baseline 0.001 -20"><span class='ocrx_word' id='word_1_182' title='bbox 173 2769 303 2836; x_wconf 89' lang='lat' dir='ltr'>Vivifici</span> <span class='ocrx_word' id='word_1_183' title='bbox 326 2771 450 2854; x_wconf 88' lang='lat' dir='ltr'>pariter</span> <span class='ocrx_word' id='word_1_184' title='bbox 473 2774 605 2836; x_wconf 85' lang='lat' dir='ltr'>currant</span> <span class='ocrx_word' id='word_1_185' title='bbox 629 2770 809 2854; x_wconf 90' lang='lat' dir='ltr'>spiramina</span> <span class='ocrx_word' id='word_1_186' title='bbox 831 2770 938 2836; x_wconf 89' lang='lat' dir='ltr'>flatus.</span> 
     </span>
     <span class='ocr_line' id='line_1_31' title="bbox 174 2857 1008 2945; baseline 0.001 -22"><span class='ocrx_word' id='word_1_187' title='bbox 174 2857 372 2945; x_wconf 86' lang='lat' dir='ltr'>Ablutisque</span> <span class='ocrx_word' id='word_1_188' title='bbox 396 2857 511 2927; x_wconf 90' lang='lat' dir='ltr'>dehinc</span> <span class='ocrx_word' id='word_1_189' title='bbox 534 2863 648 2925; x_wconf 86' lang='lat' dir='ltr'>nostra</span> <span class='ocrx_word' id='word_1_190' title='bbox 670 2859 833 2925; x_wconf 86' lang='lat' dir='ltr'>insinuate</span> <span class='ocrx_word' id='word_1_191' title='bbox 857 2859 1008 2927; x_wconf 85' lang='lat' dir='ltr'>docentes</span> 
     </span>
     <span class='ocr_line' id='line_1_32' title="bbox 173 2947 1058 3034; baseline 0.003 -23"><span class='ocrx_word' id='word_1_192' title='bbox 173 2947 365 3032; x_wconf 81' lang='lat' dir='ltr'>Praecepta,</span> <span class='ocrx_word' id='word_1_193' title='bbox 387 2951 424 3011; x_wconf 86' lang='lat' dir='ltr'>ut</span> <span class='ocrx_word' id='word_1_194' title='bbox 447 2949 547 3014; x_wconf 78' lang='lat' dir='ltr'>vitam</span> <span class='ocrx_word' id='word_1_195' title='bbox 570 2947 698 3034; x_wconf 88' lang='lat' dir='ltr'>possint</span> <span class='ocrx_word' id='word_1_196' title='bbox 722 2949 846 3034; x_wconf 84' lang='lat' dir='ltr'>agitare</span> <span class='ocrx_word' id='word_1_197' title='bbox 870 2970 1058 3034; x_wconf 82' lang='lat' dir='ltr'>perennem3</span> 
     </span>
     <span class='ocr_line' id='line_1_33' title="bbox 174 3033 1014 3121; baseline 0 -20"><span class='ocrx_word' id='word_1_198' title='bbox 174 3033 244 3101; x_wconf 90' lang='lat' dir='ltr'>Nec</span> <span class='ocrx_word' id='word_1_199' title='bbox 267 3034 360 3100; x_wconf 83' lang='lat' dir='ltr'>vobis</span> <span class='ocrx_word' id='word_1_200' title='bbox 383 3057 537 3120; x_wconf 87' lang='lat' dir='ltr'>umquam</span> <span class='ocrx_word' id='word_1_201' title='bbox 559 3037 666 3102; x_wconf 85' lang='lat' dir='ltr'>nostri</span> <span class='ocrx_word' id='word_1_202' title='bbox 687 3037 873 3121; x_wconf 87' lang='lat' dir='ltr'>praesentia</span> <span class='ocrx_word' id='word_1_203' title='bbox 896 3036 1014 3121; x_wconf 86' lang='lat' dir='ltr'>deerit,</span> 
     </span>
     <span class='ocr_line' id='line_1_34' title="bbox 174 3124 1179 3193; baseline 0.003 -3"><span class='ocrx_word' id='word_1_204' title='bbox 174 3125 286 3190; x_wconf 86' lang='lat' dir='ltr'>Donec</span> <span class='ocrx_word' id='word_1_205' title='bbox 310 3143 502 3190; x_wconf 88' lang='lat' dir='ltr'>consumens</span> <span class='ocrx_word' id='word_1_206' title='bbox 525 3124 683 3192; x_wconf 86' lang='lat' dir='ltr'>dissolvat</span> <span class='ocrx_word' id='word_1_207' title='bbox 707 3125 836 3191; x_wconf 88' lang='lat' dir='ltr'>saecula</span> <span class='ocrx_word' id='word_1_208' title='bbox 858 3125 943 3192; x_wconf 88' lang='lat' dir='ltr'>finis.</span> <span class='ocrx_word' id='word_1_209' title='bbox 1131 3142 1179 3193; x_wconf 84' lang='lat'>800</span> 
     </span>
    </p>
   </div>
   <div class='ocr_carea' id='block_1_3' title="bbox 173 3262 1178 3622">
    <p class='ocr_par' dir='ltr' id='par_1_3' title="bbox 173 3262 1178 3622">
     <span class='ocr_line' id='line_1_35' title="bbox 175 3262 1178 3336; baseline 0.001 -17"><span class='ocrx_word' id='word_1_210' title='bbox 175 3264 239 3320; x_wconf 83' lang='grc'><strong>11101</strong></span> <span class='ocrx_word' id='word_1_211' title='bbox 252 3265 261 3334; x_wconf 92' lang='grc' dir='ltr'>ΙΙ</span> <span class='ocrx_word' id='word_1_212' title='bbox 276 3268 326 3320; x_wconf 80' lang='grc'>777</span> <span class='ocrx_word' id='word_1_213' title='bbox 344 3262 453 3318; x_wconf 87' lang='lat' dir='ltr'>haecR</span> <span class='ocrx_word' id='word_1_214' title='bbox 463 3262 508 3331; x_wconf 70' lang='lat'>1⁷1,</span> <span class='ocrx_word' id='word_1_215' title='bbox 526 3262 593 3319; x_wconf 89' lang='lat' dir='ltr'>hinc</span> <span class='ocrx_word' id='word_1_216' title='bbox 603 3263 740 3332; x_wconf 81' lang='lat' dir='ltr'><strong><em>MARL,</em></strong></span> <span class='ocrx_word' id='word_1_217' title='bbox 760 3279 796 3320; x_wconf 93' lang='lat' dir='ltr'>en</span> <span class='ocrx_word' id='word_1_218' title='bbox 810 3263 887 3334; x_wconf 66' lang='lat' dir='ltr'>Psy,</span> <span class='ocrx_word' id='word_1_219' title='bbox 905 3281 929 3320; x_wconf 87' lang='lat' dir='ltr'>o.</span> <span class='ocrx_word' id='word_1_220' title='bbox 948 3265 1019 3320; x_wconf 75' lang='lat' dir='ltr'>deest</span> <span class='ocrx_word' id='word_1_221' title='bbox 1034 3264 1178 3336; x_wconf 73' lang='grc'><strong>1117111775</strong></span> 
     </span>
     <span class='ocr_line' id='line_1_36' title="bbox 173 3333 1178 3406; baseline 0.001 -16"><span class='ocrx_word' id='word_1_222' title='bbox 173 3335 277 3390; x_wconf 89' lang='lat' dir='ltr'>tumuli</span> <span class='ocrx_word' id='word_1_223' title='bbox 294 3334 433 3391; x_wconf 86' lang='lat' dir='ltr'><em>RBLV¹</em></span> <span class='ocrx_word' id='word_1_224' title='bbox 447 3336 456 3404; x_wconf 84' lang='grc' dir='ltr'>ΙΙ</span> <span class='ocrx_word' id='word_1_225' title='bbox 471 3338 522 3390; x_wconf 83' lang='grc'>786</span> <span class='ocrx_word' id='word_1_226' title='bbox 543 3335 656 3390; x_wconf 86' lang='lat' dir='ltr'>sanctus</span> <span class='ocrx_word' id='word_1_227' title='bbox 675 3333 813 3406; x_wconf 72' lang='lat' dir='ltr'>1⁷¹·-nrp,</span> <span class='ocrx_word' id='word_1_228' title='bbox 831 3336 863 3390; x_wconf 79' lang='lat' dir='ltr'>ia</span> <span class='ocrx_word' id='word_1_229' title='bbox 881 3335 920 3390; x_wconf 80' lang='lat' dir='ltr'><strong><em>M</em></strong></span> <span class='ocrx_word' id='word_1_230' title='bbox 933 3336 1044 3391; x_wconf 68' lang='lat' dir='ltr'>cabum</span> <span class='ocrx_word' id='word_1_231' title='bbox 1061 3337 1092 3391; x_wconf 80' lang='lat' dir='ltr'>a&#39;a</span> <span class='ocrx_word' id='word_1_232' title='bbox 1103 3343 1178 3406; x_wconf 80' lang='lat' dir='ltr'>porte</span> 
     </span>
     <span class='ocr_line' id='line_1_37' title="bbox 173 3405 1178 3530; baseline 0 -68"><span class='ocrx_word' id='word_1_233' title='bbox 173 3406 239 3473; x_wconf 78' lang='lat' dir='ltr'>sotii</span> <span class='ocrx_word' id='word_1_234' title='bbox 255 3407 354 3462; x_wconf 79' lang='grc'><strong>777777</strong></span> <span class='ocrx_word' id='word_1_235' title='bbox 371 3410 410 3462; x_wconf 81' lang='lat' dir='ltr'>est</span> <span class='ocrx_word' id='word_1_236' title='bbox 422 3408 498 3530; x_wconf 37' lang='grc'><strong>71788</strong></span> <span class='ocrx_word' id='word_1_237' title='bbox 517 3421 626 3461; x_wconf 73' lang='lat' dir='ltr'>eorumz</span> <span class='ocrx_word' id='word_1_238' title='bbox 644 3407 689 3461; x_wconf 81' lang='lat' dir='ltr'>bic</span> <span class='ocrx_word' id='word_1_239' title='bbox 707 3407 877 3476; x_wconf 75' lang='grc'><strong>(1771771777</strong></span> <span class='ocrx_word' id='word_1_240' title='bbox 892 3410 943 3462; x_wconf 87' lang='grc'>799</span> <span class='ocrx_word' id='word_1_241' title='bbox 961 3405 1178 3480; x_wconf 58' lang='grc'><strong>77717771777711</strong></span> 
     </span>
     <span class='ocr_line' id='line_1_38' title="bbox 175 3473 1178 3548; baseline 0.002 -16"><span class='ocrx_word' id='word_1_242' title='bbox 175 3475 285 3532; x_wconf 77' lang='lat' dir='ltr'>Subscr.</span> <span class='ocrx_word' id='word_1_243' title='bbox 295 3479 328 3532; x_wconf 78' lang='lat' dir='ltr'>irs</span> <span class='ocrx_word' id='word_1_244' title='bbox 339 3477 424 3548; x_wconf 78' lang='lat' dir='ltr'>Mar(</span> <span class='ocrx_word' id='word_1_245' title='bbox 449 3475 549 3548; x_wconf 87' lang='lat' dir='ltr'>xplicit</span> <span class='ocrx_word' id='word_1_246' title='bbox 557 3476 629 3532; x_wconf 88' lang='lat' dir='ltr'>liber</span> <span class='ocrx_word' id='word_1_247' title='bbox 638 3475 693 3530; x_wconf 91' lang='lat' dir='ltr'>IIII</span> <span class='ocrx_word' id='word_1_248' title='bbox 710 3475 833 3532; x_wconf 83' lang='lat' dir='ltr'>quenci.</span> <span class='ocrx_word' id='word_1_249' title='bbox 852 3475 925 3533; x_wconf 86' lang='lat' dir='ltr'>Item</span> <span class='ocrx_word' id='word_1_250' title='bbox 939 3473 1038 3548; x_wconf 87' lang='lat' dir='ltr'>ipsius)</span> <span class='ocrx_word' id='word_1_251' title='bbox 1053 3477 1178 3535; x_wconf 75' lang='lat' dir='ltr'>L0³Boo</span> 
     </span>
     <span class='ocr_line' id='line_1_39' title="bbox 176 3543 1176 3622; baseline 0.006 -22"><span class='ocrx_word' id='word_1_252' title='bbox 176 3543 300 3614; x_wconf 73' lang='lat' dir='ltr'>(Finiunt</span> <span class='ocrx_word' id='word_1_253' title='bbox 318 3545 370 3600; x_wconf 89' lang='lat'>1111</span> <span class='ocrx_word' id='word_1_254' title='bbox 394 3545 460 3602; x_wconf 90' lang='lat' dir='ltr'>libri</span> <span class='ocrx_word' id='word_1_255' title='bbox 483 3547 605 3603; x_wconf 86' lang='lat' dir='ltr'>quenci.</span> <span class='ocrx_word' id='word_1_256' title='bbox 626 3545 779 3618; x_wconf 84' lang='lat' dir='ltr'>[incipiunt</span> <span class='ocrx_word' id='word_1_257' title='bbox 796 3547 909 3621; x_wconf 87' lang='lat' dir='ltr'>LBod]</span> <span class='ocrx_word' id='word_1_258' title='bbox 928 3564 1025 3604; x_wconf 82' lang='lat' dir='ltr'>versus</span> <span class='ocrx_word' id='word_1_259' title='bbox 1045 3548 1176 3622; x_wconf 86' lang='lat' dir='ltr'>eiusdem).</span> 
     </span>
    </p>
   </div>
   <div class='ocr_carea' id='block_1_4' title="bbox 0 0 1251 4114">
    <p class='ocr_par' dir='ltr' id='par_1_4' title="bbox 0 0 1251 4114">
     <span class='ocr_line' id='line_1_40' title="bbox 0 0 1251 4114; baseline 0 0"><span class='ocrx_word' id='word_1_260' title='bbox 0 0 1251 4114; x_wconf 95' lang='lat' dir='ltr'> </span> 
     </span>
    </p>
   </div>
  </div>
 </body>
</html>
