2532 4114
434 237 718 296 Paoaaconnrur.
1016 237 1080 294 XIII

67 381 103 451 8⁰
125 405 207 450 seeo.
225 383 273 448 IX
294 383 345 469 (L.
363 383 459 470 Jeep)
483 385 536 450 vel
557 383 588 450 X
607 382 863 470 (Reifferscheid,
887 406 981 469 quem
1001 406 1029 448 v.
1047 385 1083 449 in

65 472 237 557 „Berichte
261 473 318 538 der
340 471 445 539 Wien.
469 473 550 538 Ak.“
573 474 637 539 vol.
661 474 703 539 63
727 497 757 558 p.
782 474 846 538 746
862 470 910 559 a).
954 472 1083 539 Discre-

66 562 198 648 pantias
228 561 386 647 quasdam
415 564 596 648 scripturae
625 585 645 627 a
667 561 702 627 L.
724 561 833 648 Ieepio
857 568 1026 646 excerptas
1050 565 1084 626 et

66 653 232 734 lectiones,
254 673 334 735 quas
353 651 513 717 Arevalus
532 651 678 736 praebet,
702 650 843 716 adhibui.
880 648 964 715 Vide
983 651 1083 716 etiam

67 740 92 805 Ι.
115 738 317 806 Huemerum
339 741 436 824 proll.
461 739 533 806 Sed.
558 763 588 823 p.
611 739 682 804 XX.

134 827 265 894 (lodex
284 827 713 914 Andomaropolitanus
730 826 776 916 (A
812 829 878 894 266
897 827 1032 892 membr.
1045 823 1083 893 4⁰

68 939 149 983 saec.
167 917 229 1002 IX3
252 917 336 982 liber
360 917 438 983 olim
463 929 509 983 sci
527 916 654 984 Bertini
672 921 743 982 erat
778 917 817 982 cf.
837 917 1008 1001 catalogue
1027 915 1082 982 des

69 1007 140 1090 dep.
163 1005 214 1071 III
237 1029 269 1092 p.
294 1004 382 1091 134).

113 1092 240 1161 (lodex
267 1094 469 1160 Parisinus
493 1092 556 1181 (P)
583 1096 641 1160 lat.
663 1095 750 1160 9347
780 1092 875 1180 (olim
898 1091 1083 1176 Remensis)

69 1184 203 1250 membr.
231 1183 355 1248 formae
383 1184 545 1249 maximae
574 1204 656 1248 saec.
677 1181 734 1248 IX.
779 1182 863 1247 Vide
885 1180 937 1247 rr.
961 1181 1027 1246 Leo
1049 1181 1085 1246 in

68 1273 117 1338 ed.
135 1271 308 1338 Fortunati
327 1294 424 1337 carm.
443 1296 475 1358 p.
489 1269 565 1356 VII,
584 1271 726 1338 Schenkl
740 1271 774 1336 in
795 1270 842 1335 ed.
861 1270 1000 1336 Ausonii
1018 1292 1084 1335 car-

68 1360 195 1426 minum
216 1384 247 1445 p.
266 1359 386 1444 XLVI,
409 1360 435 1426 l.
454 1359 598 1425 Huemer
621 1360 657 1424 in
680 1359 727 1423 ed.
751 1356 873 1424 Sedulii
896 1383 927 1445 p.
950 1357 1048 1424 XIIII
1060 1381 1084 1423 s.

69 1449 269 1514 Liberaliter
282 1471 333 1513 vr.
349 1449 399 1513 cll.
409 1447 529 1514 Dierks
544 1450 577 1514 et
587 1447 820 1514 Gundermann
834 1447 915 1513 milri
929 1446 1084 1513 lectiones

72 1537 229 1622 quasdam
252 1538 360 1604 varias
384 1542 552 1623 excerptas
575 1537 741 1603 miserunt.

135 1626 207 1692 Iam
230 1626 375 1710 proxime
400 1627 441 1692 ad
462 1627 622 1692 familiam
646 1624 820 1692 secundam
844 1625 969 1692 accedit

137 1713 265 1780 Oodex
291 1713 501 1783 Bernensis
530 1714 612 1801 (Ber
639 1715 692 1781 vel
714 1713 763 1800 B)
792 1715 858 1780 534
885 1716 1021 1780 membr.
1050 1713 1086 1780 4⁰

70 1826 152 1868 saec.
171 1803 218 1868 IX
240 1804 293 1869 vel
311 1803 354 1888 X3
378 1804 462 1869 liber
475 1804 651 1890 Bongarsii
672 1802 745 1886 fuit,
769 1803 825 1866 sed
847 1802 965 1868 f01.=1·
982 1825 1085 1886 paene

70 1913 199 1958 erasum
231 1897 282 1958 est
314 1892 390 1960 hoo:
427 1894 458 1958 ic
490 1897 541 1958 est
570 1892 654 1957 liber
678 1937 822 1956 ......
846 1890 1085 1972 [mici]aoensis.

70 1980 154 2046 Vide
191 1979 232 2109 Hp
269 1979 413 2066 Hagenii
454 1981 640 2066 catalogum
677 1979 825 2046 codicum
861 1978 1087 2066 Bernensium‚

71 2093 92 2155 p
138 2066 266 2223 codix
302 2156 633 2223 Helmstadiensis
669 2154 739 2243 (H)
776 2156 842 2222 553
880 2157 1015 2224 membr.
1050 2155 1087 2224 4⁰

71 2268 152 2312 saec
176 2246 237 2330 XI,
265 2247 304 2312 de
332 2269 396 2331 quo
424 2247 498 2313 vide
526 2247 562 2312 0.
585 2245 679 2312 Korn
706 2245 727 2311 l.
755 2246 777 2309 l.
804 2269 835 2331 p.
864 2245 957 2328 4ss.‚
985 2267 1088 2330 paene

73 2333 1087 2510 6111111616131111661ζί61ὲηῖ11111811111ἓὲ

75 2517 317 2579 commemorat
362 2510 485 2580 Iterum
510 2514 642 2578 contuli.
799 2503 809 2520 '

139 2600 270 2667 (lodex
296 2601 566 2668 Landunensis
595 2599 652 2688 (L)
683 2603 745 2667 101
780 2601 915 2666 membr.
943 2601 980 2665 4⁰
1011 2602 1087 2668 min.

74 2712 155 2756 saec.
179 2688 234 2754 IX
280 2689 328 2756 Of.
352 2689 533 2778 Oetalogue
562 2691 617 2756 des
646 2691 725 2755 bibl.
754 2690 811 2755 des
840 2689 910 2775 dep.
938 2688 954 2755 Ι
981 2712 1013 2777 p.
1037 2692 1089 2756 91.

73 2777 166 2844 Folia
189 2779 370 2863 compluria
394 2779 530 2846 humore
553 2779 682 2845 adfecta
705 2782 739 2843 et
762 2779 803 2843 ad
826 2779 948 2843 malum
967 2785 1090 2846 statum

73 2867 206 2932 redacta
236 2871 319 2932 sunt
369 2867 490 2953 Incipit
516 2891 536 2934 a
562 2868 579 2933 1
609 2869 682 2934 180.
726 2866 766 2932 In
795 2867 940 2953 margine
968 2868 1024 2934 fol.
1054 2869 1091 2935 5·

74 2956 209 3042 legitur:
237 2954 362 3022 Roduli
382 2978 433 3022 me
456 2956 543 3022 fecit.
588 2956 766 3022 Iuvencnm
788 2955 844 3022 fol.
868 2958 926 3022 48·
948 2956 1090 3044 Prosper

73 3045 261 3130 Aquitanas
294 3044 422 3128 excipit
468 3044 589 3111 Toxlus
618 3045 762 3110 indolem
793 3045 937 3112 familiae
965 3046 997 3111 R
1024 3068 1090 3112 non

73 3154 191 3219 puram
215 3133 271 3198 sed
294 3133 488 3200 lectionibus
511 3134 654 3200 familiae
677 3135 723 3199 M
741 3134 893 3200 admixtis
916 3134 1032 3200 reddit.

141 3221 250 3288 Ceteri
287 3222 412 3288 codices
445 3245 571 3306 omnes,
607 3245 689 3308 quos
722 3222 876 3311 cognovi,
913 3224 1090 3288 maximam
1157 3219 1161 3228 ’

72 3315 202 3398 partem
235 3311 331 3378 classi
362 3312 478 3377 tertiae
510 3311 742 3378 adnumerandi
772 3315 861 3396 sunt,
894 3333 1090 3396 quamquam

144 3449 223 3519 ’)In
247 3449 343 3506 codice
361 3450 497 3507 Bemensi
514 3455 567 3506 445
587 3467 660 3506 saec.
681 3450 707 3504 X
725 3451 756 3504 8ο
773 3450 833 3506 foll.
852 3456 887 3503 22
906 3451 936 3503 et
954 3452 988 3502 23
1008 3462 1090 3516 prae-

74 3521 212 3648 ffioffi
213 3522 314 3648 1ptolrun
329 3522 482 3592 continent,
498 3521 547 3577 sed
561 3519 766 3592 discrepantiae
781 3519 936 3588 scripturae
950 3517 1090 3574 notabiles
