2532 4114
456 253 490 309 V.
510 259 660 310 rsa-su.
1017 255 1061 322 45

41 398 188 463 Excelso
212 398 246 462 in
268 398 407 482 populos
430 402 628 482 spargantur
652 398 791 464 culmine
814 399 902 466 tecti.

41 487 213 571 Despicite
236 487 368 552 illorum
392 487 529 571 rabiem,
553 486 610 572 qui
632 508 769 570 corpora
792 491 901 553 restra
1008 503 1061 554 485

39 575 262 640 Prosternunt
285 574 384 640 ferro:
407 597 474 640 non
497 579 548 640 est
570 576 622 640 his
645 577 714 641 ulla
736 579 883 660 potestas

40 663 204 728 Vivacem
227 664 294 728 leto
318 664 443 747 pariter
466 664 630 732 dimittere
653 668 804 729 mentem.

39 753 148 817 Illum
172 752 228 816 sed
250 753 361 835 potius
385 753 491 818 cordis
516 757 641 818 secreta
663 757 853 837 pavescant,

41 839 202 924 Corporis
226 845 277 906 est
300 840 464 926 animique
489 842 586 907 simul
609 841 661 910 cni
684 845 803 907 cuncta
824 844 979 926 potestas.

38 929 237 994 Passeribus
261 930 403 1014 pretium
425 930 551 996 nummi
573 928 627 995 uix
650 931 760 1014 portio
784 952 886 1014 parva
1005 945 1059 996 490

41 1018 235 1102 Provenietq
258 1039 324 1082 non
347 1022 531 1084 esttamen
554 1040 655 1084 unum
678 1018 808 1084 credere
831 1018 967 1105 dignum

40 1107 178 1171 Iniussu
200 1106 335 1172 Domini
358 1108 492 1191 laqueos
515 1108 679 1172 incurrere
701 1110 841 1172 nostros.

41 1193 128 1270 Quis
152 1195 279 1260 dubitet
303 1195 447 1279 sapiens,
470 1194 604 1260 Domini
628 1197 689 1260 sub
712 1199 843 1280 pectore
867 1195 978 1261 multis

43 1282 170 1350 Cedere
193 1282 346 1368 pennatis
369 1283 537 1348 hominem
559 1305 618 1368 pro
642 1283 775 1349 milibus
798 1285 921 1349 unum?

43 1372 112 1448 Qui
136 1393 186 1436 mc
210 1371 377 1436 confessus
401 1370 500 1436 fuerit
524 1373 585 1436 sub
608 1370 712 1436 iudice
735 1377 855 1456 terrae,
1012 1387 1064 1439 495

40 1460 144 1526 Hunc
167 1481 229 1546 ego
251 1481 319 1525 non
343 1459 440 1524 aliter
462 1481 572 1525 coram
596 1460 743 1547 genitore
766 1459 909 1546 fatebor3

42 1549 103 1616 Sic
125 1548 239 1614 itidem
261 1570 370 1613 coram
394 1549 542 1634 genitore
563 1549 693 1636 negabo
715 1553 901 1651 negantem.

40 1637 125 1704 Non
148 1658 208 1722 ego
230 1659 316 1702 nunc
339 1658 453 1722 pacem
476 1637 575 1702 terris
595 1637 759 1704 inmittere
782 1638 868 1722 reni,

44 1725 114 1792 Sed
137 1725 295 1812 gladium,
318 1749 362 1809 pa
363 1726 427 1790 trio
452 1726 586 1792 dirimat
571 1727 665 1810 tqui
687 1730 819 1811 pectore
842 1730 957 1792 natum

41 1816 94 1882 Ec
118 1815 243 1880 dulcem
265 1817 380 1879 natam
402 1813 536 1879 dirimat
559 1815 614 1898 qui
636 1819 767 1896 pectore
791 1815 915 1880 matris.
1011 1831 1064 1881 500

42 1903 82 1969 Si
107 1903 179 1988 quis
203 1924 314 1967 amore
337 1925 409 1968 meo
433 1903 618 1986 genitorem
640 1903 744 1987 pluris
767 1903 917 1986 habebit,

42 1991 112 2057 Vel
136 1991 235 2055 matri
257 1991 405 2058 subolive
429 2013 538 2056 meum
560 1995 737 2076 postponet
760 2013 917 2076 amorem,

44 2080 177 2148 Sentiet
199 2080 392 2145 horribilem
414 2086 530 2145 nostra
553 2081 592 2144 dc
616 2080 691 2146 sede
713 2081 887 2165 repulsam.
986 2151 991 2162 ,

46 2169 248 2234 Contemnet
272 2169 466 2254 quicumque
489 2169 633 2234 animam
655 2190 716 2254 pro
739 2168 870 2234 nominc
893 2172 1016 2254 nostre,

42 2257 198 2323 Inveniet
221 2258 308 2322 laeta
330 2257 501 2324 florentem
524 2256 619 2342 fruge
643 2257 769 2323 salutis.
1014 2273 1065 2324 ⁶05

44 2347 113 2423 Qui
137 2368 196 2411 vos
219 2345 386 2430 suscipiet,
411 2367 462 2412 ms
487 2347 667 2430 suscepisse
689 2345 841 2432 benignis

44 2435 237 2519 Obsequiis,
260 2436 346 2500 idem
369 2456 421 2498 mc
443 2456 504 2519 pro
529 2435 676 2521 genitore
699 2457 851 2520 supremo

45 2523 238 2606 Suscepisse
263 2523 325 2588 sibi
348 2522 504 2608 gaudebit
526 2527 661 2610 perpete
683 2524 780 2589 vita.“

94 2612 192 2677 Talia
215 2610 382 2696 discipulis
406 2612 456 2677 bis
481 2634 538 2677 sex
560 2633 633 2677 cum
656 2612 746 2678 iussa
768 2611 923 2690 dedisset,

42 2702 159 2766 Iustus
181 2699 343 2766 Iohannes
367 2701 454 2766 caeci
478 2700 517 2766 de
541 2701 679 2766 carceris
702 2700 828 2766 umbris
1014 2716 1067 2767 510

45 2790 241 2856 Sectantum
264 2810 439 2854 enumero
463 2789 607 2876 delectos
631 2789 712 2854 talia
735 2788 823 2854 dieta

44 2877 101 2943 Ad
126 2876 293 2944 Christum
317 2881 448 2962 portare
471 2879 562 2942 iubet
585 2898 760 2962 verumque
784 2877 916 2943 referre:

42 2965 163 3052 „Tune
186 2967 249 3048 piis
273 2966 390 3031 animis
413 2966 554 3052 requies,
577 2988 676 3050 quam
698 2966 791 3053 regia
814 2967 895 3032 caeli

43 3054 202 3120 Pollicita
225 3058 275 3119 est
298 3055 409 3138 terris,
431 3059 546 3120 nostro
570 3056 631 3119 sub
654 3060 801 3138 tempore
822 3054 975 3141 fulgens?

43 3144 103 3208 An
128 3143 227 3208 aliam
251 3147 399 3229 superest
421 3148 497 3226 post
483 3143 599 3208 thaec
622 3165 751 3228 sperare
775 3144 862 3209 salut
863 3145 961 3210 em?“
1015 3159 1066 3209 515

45 3231 186 3296 Talibus
209 3233 290 3298 haec
314 3231 465 3298 Christus
489 3231 565 3297 dict'
541 3236 585 3297 t1s
608 3232 763 3297 mandata
785 3235 940 3299 remittit:

45 3319 254 3407 „Caeeorum
277 3322 431 3386 tenebras
455 3326 570 3388 mutan
571 3321 770 3387 turlumine
792 3321 874 3387 lucis

120 3463 174 3515 486
193 3459 378 3514 Prosternent
396 3459 466 3514 MR
493 3461 502 3529 ΙΙ
534 3465 586 3515 492
606 3459 724 3529 laqueos
741 3459 825 3514 facile
843 3459 971 3514 decidere
990 3455 1067 3510 laeto

44 3530 210 3586 ‘incurrere
225 3533 350 3585 nostros‘
370 3529 404 3584 0ι
421 3533 497 3602 less
517 3529 634 3585 Credere
654 3530 692 3584 M
706 3531 761 3585 dic.
781 3546 832 3584 scr
852 3531 884 3584 in
902 3527 943 3595 R,
963 3525 1067 3582 Cedere

47 3601 83 3656 0¹
90 3601 119 3657 R
137 3603 197 3658 div
213 3617 265 3658 scr.
284 3602 317 3656 in
334 3602 373 3656 M
381 3603 391 3670 l
405 3607 457 3657 505
477 3602 597 3658 salutem
615 3600 643 3654 R
656 3603 666 3670 [Ι
680 3605 731 3655 515
750 3601 831 3654 Anne
849 3598 921 3653 ΒΜ
