2484 4114
460 247 493 302 V.
512 252 662 303 337-890.
1021 246 1062 312 67

40 393 211 480 „Davidis
235 392 379 476 suboles,
403 392 572 458 bominum
595 392 769 477 lumenque
793 392 958 478 salusque,

40 484 91 550 Te
116 503 247 568 precor,
269 480 461 546 horribilem
484 482 554 546 nati
577 479 616 546 de
639 502 775 566 corpore
798 481 948 548 morbum

39 571 241 655 Protnrbes,
264 569 442 654 reddasque
467 569 537 634 seni
559 569 678 635 solatia
702 569 796 635 vitae.

41 660 137 726 Nam
161 679 273 724 cursus
297 658 393 723 lunae
416 661 530 725 natum
552 656 633 722 mibi
657 657 823 724 daemonis
847 662 916 723 arte

41 749 194 832 Torquet
218 752 250 811 et
272 747 306 811 in
329 746 470 831 liquidas
493 745 653 813 deiectum
676 747 796 830 proicit
817 746 934 830 undas,
1011 765 1062 816 300

40 838 119 904 Aut
142 836 297 901 miserum
320 835 426 900 medio
449 834 632 920 proiectum
654 835 760 901 volvit
782 836 817 900 in
839 835 917 919 igni.

41 926 135 991 Nam
159 929 216 990 tua
239 924 391 1008 discipuli
416 927 576 990 sectantes
599 923 689 990 iussa
712 924 899 1009 frequenter

41 1013 163 1081 Conisi
185 1014 276 1077 nulla
297 1012 333 1078 in
356 1013 497 1078 solidum
521 1012 602 1076 mibi
625 1013 710 1078 dona
733 1012 918 1078 dederunt“

41 1103 134 1168 Tum
157 1100 307 1167 Christus
330 1122 450 1187 magno
475 1105 655 1167 commotus
679 1102 776 1168 corda
799 1101 921 1166 dolore:

39 1191 92 1275 „0
120 1211 200 1277 gens
222 1190 345 1256 'nullius
368 1189 457 1274 fidei,
480 1211 559 1276 gens
584 1189 682 1255 effera
706 1210 842 1275 semper,
1012 1207 1063 1258 303

40 1281 101 1347 En
125 1279 224 1344 etiam
247 1280 364 1364 patiar,
388 1278 557 1345 vobiscum
581 1299 632 1343 me
655 1277 725 1344 fore
748 1276 892 1343 terris‘?“

42 1369 102 1435 Sic
126 1367 174 1433 ait
197 1372 230 1432 et
251 1389 388 1453 puerum
411 1368 545 1438 mandat
567 1367 712 1450 perferre
735 1367 863 1452 parenti

40 1459 138 1524 Ante
161 1478 237 1522 suos
261 1457 379 1520 vultus.
416 1455 499 1522 Tum
522 1456 611 1522 vocis
634 1456 775 1539 pondere
799 1455 902 1522 multo

40 1545 200 1612 Incubuit
224 1545 405 1628 mentisque
430 1544 528 1610 simul
551 1545 708 1610 convulsa
730 1565 854 1611 venena

41 1633 225 1700 Daemonis
249 1633 403 1698 horrendi
426 1636 567 1720 purgato
591 1634 687 1699 eorde
710 1633 848 1721 fugavit.
1012 1647 1063 1700 3⁷0

41 1722 211 1806 Discipuli
234 1721 395 1808 rogitant,
419 1743 476 1787 our
498 1743 565 1787 non
589 1724 781 1788 successerit
803 1723 869 1787 illis

41 1811 204 1878 Eiusdem
227 1811 318 1895 pueri
340 1810 462 1876 totiens
485 1813 648 1894 temptata
671 1811 817 1875 medella.

41 1898 229 1983 Respondit
251 1898 427 1964 Dominus:
449 1898 579 1985 „Labat
602 1900 679 1983 quia
701 1901 833 1984 pectore
856 1901 965 1964 vestro

43 1987 220 2056 Instabilis
243 1988 319 2053 fidei
341 1992 460 2054 nutans
484 2009 542 2072 per
563 1987 690 2054 lubrica
713 2008 853 2073 gressus.

41 2078 137 2144 Nam
161 2077 189 2141 si
211 2082 301 2142 serta
323 2075 409 2142 foret
432 2077 582 2143 credendi
604 2077 713 2161 portio
737 2075 845 2160 vobis,
1011 2089 1063 2142 303
1089 2123 1092 2128 ,

42 2168 160 2232 Instar
183 2187 265 2250 quae
287 2165 415 2254 minimi
437 2168 550 2250 posset
572 2169 741 2250 praestare
766 2164 886 2250 sinapi,

43 2255 151 2321 Istius
174 2253 251 2320 hinc
274 2255 397 2320 montis
420 2254 561 2338 possetis
584 2254 704 2319 vellere
727 2253 827 2320 verbo

41 2345 150 2428 Inque
174 2343 256 2407 alias
280 2343 371 2409 sedes
396 2347 545 2409 cunctam
568 2343 792 2410 transvolvere
815 2342 947 2409 molem.

42 2433 135 2499 Nam
160 2453 261 2517 genus
284 2431 347 2497 hoe
370 2431 478 2498 morbi
500 2431 650 2517 precibus
676 2432 746 2498 sine
768 2433 832 2498 fine
854 2432 1000 2516 fidesque

43 2521 220 2604 Multaque
243 2520 371 2587 robusti
393 2520 513 2586 ieiunia
535 2521 676 2605 pectoris
702 2520 841 2586 arcent.“
1011 2535 1063 2587 330

89 2608 171 2674 Inde
195 2605 423 2693 Caphernaum
448 2609 597 2695 gradiens
621 2611 768 2694 pervenit
792 2609 834 2674 ad
856 2629 940 2673 oras.

43 2697 234 2765 Convenere
257 2696 405 2782 Petrum,
430 2698 546 2782 quibus
570 2698 672 2763 instat
696 2719 773 2764 cura
796 2696 928 2782 tributi,

42 2787 180 2853 Solvere
203 2789 374 2870 poscentes
399 2787 533 2852 solitum
555 2809 615 2870 pro
638 2787 770 2852 nomine
793 2785 928 2852 Christi.

39 2876 107 2941 Ille
133 2874 190 2938 sed
213 2874 253 2941 ad
276 2874 411 2941 Petrum
434 2895 607 2942 conversus
632 2875 715 2940 talia
737 2874 839 2940 fatur:

40 2963 145 3049 „Dic‚
167 2963 286 3048 inquit,
309 2985 401 3050 reges
426 2986 564 3050 quorum
588 2963 767 3049 dependere
791 2968 886 3030 natos
1009 2979 1061 3032 333

39 3052 209 3119 Externos
232 3054 425 3137 propriosne
450 3053 512 3118 sibi
535 3053 658 3118 iussere
681 3052 852 3120 tributa?“

41 3140 228 3226 Respondit
248 3140 380 3206 Petrus:
403 3141 562 3225 „Alienos
586 3142 712 3206 solvere
735 3147 858 3208 certum
882 3141 960 3208 est.“

40 3228 193 3316 „Cernis
216 3227 264 3294 ait
287 3227 450 3316 Christus,
472 3234 586 3296 natum
608 3252 677 3296 non
701 3231 826 3296 solvere
848 3233 949 3316 regis3

44 3317 112 3384 sed
134 3340 175 3382 ne
199 3339 294 3402 quem
318 3318 459 3403 laedam,
482 3323 691 3404 praeceptum
715 3322 843 3404 suscipe
865 3322 1030 3383 nostrum:

44 3407 101 3473 En
125 3407 226 3472 maris
249 3406 401 3473 undisoni
424 3430 519 3493 rupes
544 3429 625 3493 quae
647 3408 759 3492 prodit
780 3410 815 3473 in
838 3408 939 3472 altum
1008 3421 1061 3469 330
1188 3423 1190 3430 ·

118 3535 171 3584 333
191 3528 325 3598 sinapiA,
346 3527 452 3600 sinapis
466 3533 540 3655 'baw
555 3530 665 3612 fideque
677 3529 792 3595 0¹MR,
805 3529 930 3613 fidesque
944 3524 1044 3611 V¹d'**
1054 3527 1062 3597 ει

42 3605 96 3657 381
117 3602 286 3670 pervenerat
304 3616 368 3656 oras
386 3599 459 3656 120³
504 3603 514 3670 l
533 3606 585 3655 330
602 3619 632 3656 m
652 3617 756 3669 aequor
774 3599 822 3668 M,
840 3601 895 3656 deo.
914 3615 964 3654 sor.
984 3583 1062 3654 ccii

862 3685 898 3741 5*
