2532 4114
177 209 243 266 VIII
544 207 828 264 PROLEGOMENA.

179 353 394 442 praefationis
421 373 518 418 verae
547 353 663 437 (usque
692 352 731 417 ad
758 373 869 418 vocem
897 350 1046 440 „tellus“)
1073 353 1188 421 litteris
1244 405 1245 408 ,

179 443 375 525 uncialibus,
412 442 497 508 sieut
535 445 643 507 cetera
673 441 755 508 folia
788 441 911 526 omnia,
948 443 1088 526 scriptae
1120 465 1189 510 con·

180 533 273 598 tinet.
318 529 408 595 Finis
432 529 551 596 codicis
574 530 723 614 mutilus,
750 551 827 594 nam
850 552 913 596 vox
935 530 1053 596 ultima
1076 535 1125 596 est
1145 532 1190 597 IV

180 621 242 686 731
275 618 440 704 „solebat“
473 616 544 704 (fol.
577 617 665 704 115).
717 617 768 684 De
805 619 931 704 origine
964 619 1017 685 vel
1050 621 1089 685 de
1120 643 1191 706 pos-

181 708 362 775 sessoribus
382 708 460 792 eiua,
480 711 654 793 autequam
672 708 708 772 in
726 706 959 772 bibliothecam
978 708 1108 794 collegii
1122 731 1190 794 per-

179 798 278 882 venit,
296 796 378 862 nihil
398 793 578 882 constat*),
597 818 669 862 cum
688 795 722 860 in
739 795 821 862 folle
839 796 945 881 primo
961 796 1094 882 aliquid,
1109 798 1192 883 quod

180 887 321 953 fortasse
344 885 386 951 ad
409 885 493 974 hanc
515 905 586 948 ram
609 885 841 950 enucleandam
864 885 1037 970 pertinuit,
1066 908 1192 952 erasum

180 976 232 1043 sit.
270 974 332 1040 Sed
356 974 428 1058 quis
452 973 516 1037 fuit
538 973 597 1038 illa
617 973 881 1061 Engelberga,
904 975 994 1040 cuius
1017 996 1137 1040 nomen
1158 976 1193 1040 in

180 1065 328 1150 margine
347 1061 514 1146 superiore
532 1061 606 1127 folii
626 1059 683 1127 aab
702 1062 823 1127 litteris
842 1062 1010 1147 anglosax.
1031 1064 1194 1148 adpictum

182 1153 255 1218 cst?
279 1189 320 1199 .„
347 1149 489 1236 Scriptis
522 1151 625 1216 totius
658 1150 776 1216 codicis
806 1149 938 1216 omnino
966 1151 1095 1236 quidem
1124 1175 1195 1218 eon-

183 1242 277 1307 tinua
301 1243 360 1325 est,
384 1240 440 1306 sed
461 1239 537 1306 finis
562 1261 713 1306 versuum
736 1239 866 1327 virgula
890 1244 923 1305 et
940 1239 976 1304 in
993 1241 1100 1325 prima
1119 1262 1196 1326 qua-

183 1332 332 1396 ternione
360 1329 474 1394 littera
501 1351 629 1414 quoque
651 1329 758 1414 prima
781 1351 894 1394 versus
918 1328 1040 1394 maiore
1062 1333 1196 1395 notatus

182 1422 234 1484 est
254 1417 465 1505 (quamquam
484 1418 616 1502 virgula
628 1437 695 1482 non
710 1439 837 1502 semper
850 1419 939 1483 recto
954 1417 1026 1483 loco
1041 1415 1197 1504 ponitur).

182 1574 254 1630 illud
268 1571 371 1644 Apoth.
385 1591 411 1628 v.
427 1576 478 1628 981
498 1572 670 1642 bisyllabum
689 1571 830 1627 adhibeat.
860 1571 932 1627 Tum
947 1587 1050 1626 nomen
1064 1571 1198 1626 Iohannis

183 1663 208 1701 v.
229 1651 244 1700 'l
268 1644 358 1700 tribus
383 1641 500 1713 syllabis
519 1645 549 1698 et
566 1641 584 1708 Ιγ
599 1642 764 1699 consonanti
781 1641 1020 1712 pronuntiandum
1040 1645 1095 1710 est,
1120 1641 1197 1712 quod

183 1733 240 1772 non
273 1714 364 1785 magis
393 1712 429 1768 ad
456 1729 539 1768 usum
565 1711 680 1768 Iuvenci
708 1713 837 1782 quadrat.
879 1710 999 1768 Accedit
1026 1711 1101 1780 quod
1129 1713 1199 1768 ordo

184 1786 429 1857 evangelistarum,
449 1801 513 1839 oum
525 1785 662 1840 Iuvencus
675 1783 706 1838 iu
720 1799 805 1853 opere
818 1799 868 1838 suo
883 1781 1055 1839 condolendo
1068 1783 1200 1840 versione

184 1876 257 1928 quae
279 1856 383 1912 dieitur
401 1855 474 1912 Itala
492 1871 558 1910 usus
577 1855 627 1923 sit,
646 1854 676 1908 in
695 1870 752 1924 qua
770 1854 946 1910 Matthaeum
964 1854 1118 1924 lohannes,
1136 1857 1201 1910 tum

184 1931 275 1986 Lucas
299 1931 328 1984 et
346 1929 456 1983 Marcus
474 1927 641 1996 sequuntur,
664 1926 694 1982 in
711 1926 766 1982 hac
784 1925 961 1995 praefatione
979 1925 1055 1982 idem
1075 1929 1131 1998 est,
1151 1927 1202 1997 qui

184 2019 202 2057 a
228 1999 349 2056 testibus
373 1999 487 2054 Graecis
514 2000 641 2053 servatur
670 1998 698 2052 et
726 1998 762 2054 ab
786 1997 958 2068 Hieronymo
987 1998 1116 2068 receptus
1143 2000 1201 2053 est:

184 2071 235 2127 Mt.
254 2070 307 2125 Mc.
327 2069 376 2124 Lc.
395 2068 435 2124 Ib.
474 2069 529 2124 Sed
555 2067 625 2123 haut
648 2067 855 2150 neglegendum
878 2071 934 2136 est,
962 2067 1098 2138 insignita,
1126 2085 1203 2138 quae

185 2141 367 2211 evangelistis
399 2155 433 2194 ex
465 2137 572 2194 visione
599 2137 756 2194 Ezechiehs
789 2137 908 2194 attribui
938 2138 1041 2206 solent,
1080 2140 1120 2194 sie
1147 2141 1203 2194 im-

184 2211 300 2279 mutari,
324 2213 368 2278 ut,
392 2226 456 2264 cum
481 2209 596 2265 nomina
613 2209 703 2265 Marci
721 2210 752 2264 et
768 2208 900 2265 Iohannis
919 2209 992 2264 inter
1010 2226 1040 2264 se
1058 2213 1202 2278 permuta

184 2283 268 2352 veris,
287 2282 355 2336 ordo
370 2280 491 2336 usitatus
507 2280 653 2337 afliciatur.
682 2279 780 2349 Itaque
796 2279 932 2350 suspIcari
945 2280 1020 2348 licet,
1035 2280 1088 2335 hos
1103 2296 1203 2336 versus

185 2355 221 2409 ab
248 2354 361 2408 auctore
386 2367 435 2406 suo
451 2351 551 2406 'ecdici
575 2352 687 2407 cuidam
712 2351 923 2423 evangeliorum
941 2349 1094 2406 destinatos
1112 2349 1203 2406 fuisse

186 2424 223 2480 ad
243 2422 448 2493 explanandam
465 2421 614 2492 picturam,
633 2422 725 2549 Quam
740 2421 861 2492 exempli
875 2421 968 2493 gratia
980 2420 1011 2476 in
1024 2421 1093 2477 folle
1107 2421 1203 2491 primo

186 2495 291 2552 codicis
316 2493 474 2562 cuiusdam,
498 2493 546 2562 qui
566 2492 616 2549 sti.
660 2493 804 2548 olumbani
821 2492 907 2548 fuisse
925 2491 1028 2548 dicitur
1047 2494 1076 2547 et
1093 2491 1123 2546 iu
1142 2494 1204 2549 col-

185 2568 262 2638 legio
276 2564 414 2622 trinitatis
428 2563 544 2620 Dublmi
557 2564 729 2634 adservatur,
747 2562 871 2635 insignia
883 2562 934 2620 illa
948 2563 1047 2620 tabula
1061 2563 1205 2632 quadrata

187 2641 216 2694 st
238 2636 321 2693 lineis
344 2636 452 2691 duobus
476 2635 632 2690 decussatis
655 2636 685 2692 in
708 2637 843 2705 quattuor
865 2638 961 2706 partes
985 2632 1139 2718 distribpta
1157 2652 1204 2690 re-

186 2709 355 2780 praesentat.
394 2706 510 2774 Quoque
529 2706 621 2762 minus
641 2708 675 2762 de
694 2706 748 2762 bac
766 2723 797 2762 rs
816 2705 941 2775 dubites,
958 2705 990 2760 in
1008 2705 1113 2761 cedias
1132 2705 1204 2761 bibl.

186 2779 358 2836 Bodleianas
368 2776 598 2833 Rusbvrortbiaui
611 2779 648 2846 (a.
659 2780 722 2846 800)
741 2777 847 2848 pagina
861 2778 986 2834 extrema
1000 2776 1030 2831 in
1044 2793 1093 2832 sex
1105 2779 1205 2847 partes

189 2849 341 2906 distributa
363 2865 460 2904 versus
483 2847 528 2902 illi
550 2864 607 2904 una
630 2865 695 2905 oum
713 2848 911 2904 adhortatIone
930 2847 1038 2904 scribae
1057 2846 1205 2918 Macrsgol

188 2921 245 2996 (vel
261 2918 426 3047 Manguil)
446 2918 580 2990 descripti
599 2921 672 2974 sunt.
700 2919 760 2974 Iam
778 2919 862 2976 valde
880 2918 1037 2975 mirandum
1056 2921 1107 2986 ast,
1126 2919 1206 2989 quod

188 2995 218 3049 in
233 2993 327 3050 codice
371 2991 451 3045 ’uno
466 2989 507 3045 sie
520 2989 693 3046 inscribitur:
708 2989 813 3060 Incipit
824 2989 962 3065 plologus
975 2989 1050 3059 (sict)
1066 2989 1205 3058 damassi;

187 3083 253 3120 nam
277 3080 311 3119 ex
334 3062 503 3118 auctoritate
521 3061 604 3116 buius
623 3059 727 3117 codicis
744 3061 890 3132 inscriptio
908 3077 1008 3131 parum
1026 3060 1208 3130 respicienda

189 3151 249 3192 esse
280 3134 351 3190 mihi
381 3131 501 3188 videtur.
538 3130 654 3188 Prorsus
682 3131 784 3188 desunt
810 3131 860 3186 isti
887 3148 984 3187 versus
1011 3132 1041 3186 iu
1066 3131 1207 3188 RMMat

188 3205 296 3264 K¹·²V²
318 3203 382 3260 Alb.
407 3202 452 3258 HI
477 3202 549 3272 θεά,
572 3205 639 3272 post
660 3202 744 3258 finem
767 3201 881 3258 Iuvenei
905 3201 1036 3258 carminis
1059 3202 1152 3257 additi
1176 3203 1204 3256 in

189 3277 319 3349 Add¹Sp,
334 3273 365 3328 in
379 3272 520 3355 principio
534 3272 665 3330 carminis
680 3273 729 3328 sed
744 3275 779 3328 ab
794 3273 851 3329 alia
866 3289 951 3328 manu
966 3273 1065 3343 scripti
1072 3274 1102 3327 in
1112 3273 1167 3344 ΜΡ
1174 3273 1204 3326 Τ.

261 3351 288 3416 *)
307 3346 359 3402 Th.
379 3345 458 3400 Astle
476 3361 506 3398 sn
525 3343 597 3400 llbro
616 3343 693 3414 „The
712 3343 804 3414 origin
822 3344 878 3398 and
892 3360 1022 3415 progress
1037 3345 1069 3400 ol
1081 3343 1205 3414 writing.

191 3418 301 3475 Second
324 3415 431 3472 edition
452 3413 570 3470 London
595 3417 683 3470 tasa‘
708 3431 754 3470 sus
775 3415 865 3470 iaetus
890 3417 932 3470 est
951 3418 989 3485 (p.
1009 3416 1054 3484 93)
1078 3415 1208 3471 codicem

189 3491 271 3545 illum
284 3486 398 3544 Iuvenci
412 3487 547 3556 scrIptum
561 3501 623 3540 esse
637 3486 749 3542 saeculo
783 3486 823 3540 ΙΙΙ
837 3487 867 3541 at
880 3486 1040 3556 exemplum
1049 3485 1209 3556 scripturae

189 3559 407 3631 longobardicae
426 3573 487 3613 esse
505 3556 584 3615 dixit.
