2484 4114
443 251 477 307 V.
497 256 647 308 etr-718.
1010 253 1051 316 Π

28 398 146 465 Plebis
170 397 351 464 Iohannem
371 395 537 462 veneratio
561 397 771 482 suscipiebat,
999 413 1051 464 css

30 487 103 553 Neo
127 489 283 572 poterant
305 486 374 550 eius
397 485 548 550 fallacem
571 485 677 551 dicere
699 485 810 551 vitam.

30 577 179 642 Rursum
203 574 377 640 sublimem
399 573 557 640 dixissent
580 595 650 639 esse
673 574 882 659 prophetam,

30 664 201 730 Occidisse
223 663 318 728 illum
341 662 487 728 traheret
508 661 670 728 confessio
694 664 833 748 culpem.

31 752 75 818 Se
99 753 225 818 nescire
248 757 361 817 tamen
382 751 551 837 respondit
572 751 673 817 factio
695 750 808 817 fallax.

32 843 121 907 Tum
137 840 304 908 Christus:
327 839 426 922 „Non
445 844 495 905 est
512 839 669 906 iniustum
688 839 837 906 claudere
857 861 977 923 vocem,
997 858 1049 908 seo

33 929 120 996 Cum
144 929 226 995 mihi
249 929 443 994 claudantur
466 950 636 1013 procerum
658 950 817 1014 responsa
841 929 1008 1014 superba‚“

80 1017 192 1102 „Nam
217 1017 365 1105 geminae
388 1018 491 1102 prolis
515 1018 645 1102 genitor
667 1017 801 1084 maioris
823 1019 858 1083 in
881 1039 975 1084 aures

35 1108 135 1172 Talia
159 1106 245 1172 dicta
268 1106 373 1172 dedit:
395 1105 485 1172 Vitis
508 1107 590 1171 mihi
611 1106 721 1191 portio
744 1106 848 1172 maior

22 1194 241 1281 -Semiputata
264 1196 357 1261 iacet.
394 1193 458 1261 Sed
480 1217 581 1282 perge
604 1198 638 1260 et
660 1195 778 1260 robore
801 1193 879 1260 forti

35 1283 134 1350 Nunc
153 1285 322 1350 scrobibus
340 1305 426 1350 nunc
444 1283 528 1349 falce
547 1305 695 1367 premens
711 1283 819 1349 vineta
834 1283 978 1348 retunde.
1001 1298 1052 1349 695

36 1374 124 1439 Tum
147 1373 273 1438 iuvenis
296 1394 367 1438 sese
390 1377 460 1438 tam
483 1372 615 1438 sordida
637 1373 746 1438 vincla
768 1372 892 1436 laboris

35 1461 138 1528 Nolle
161 1461 232 1546 pati
255 1464 425 1527 memorat.
461 1460 544 1527 Post
566 1461 675 1526 omnia
698 1461 787 1527 iussa
809 1460 954 1545 parentis

36 1551 239 1634 Exsequitur
261 1551 481 1634 damnansque
505 1550 568 1615 sibi
591 1572 747 1634 responsa
771 1553 907 1617 coercet.
1032 1631 1035 1638 ¹

36 1640 120 1704 Post
144 1639 244 1704 alium
265 1643 380 1704 natum
405 1639 505 1704 simili
528 1661 676 1705 sermone
698 1639 833 1705 iubebat

38 1727 92 1792 Ad
116 1728 227 1794 vineta
250 1729 301 1792 sui
324 1727 504 1812 dependere
527 1728 617 1793 iussa
640 1727 773 1794 laboris.
1002 1742 1054 1793 τοο

37 1815 167 1881 Annuit
188 1816 240 1882 his
262 1817 388 1881 iuvenis
410 1838 470 1882 nec
493 1817 587 1882 dictis
610 1816 699 1882 facta
721 1819 880 1901 repensat.

38 1904 161 1988 Dicite,
185 1905 257 1990 quis
281 1907 391 1989 potius
415 1905 574 1990 genitoris
597 1905 686 1970 iussa
710 1903 909 1988 sequatnr‘?“

40 1992 108 2058 Olli
131 1994 329 2059 conlaudant
351 2015 544 2076 responsum
566 1992 766 2079 posterioris.

39 2081 254 2167 Prosequitur
277 2081 441 2148 Christus:
464 2082 585 2167 „Nunc
606 2104 684 2148 vera
708 2081 868 2148 advertite
891 2081 987 2147 dicta.

38 2171 112 2235 Iam
134 2172 241 2258 magis
263 2171 339 2237 hine
362 2172 444 2237 caeli
469 2172 578 2237 sedem
597 2171 827 2255 comprendere
846 2174 984 2256 possunt
1003 2187 1055 2237 loo

40 2258 197 2343 Corporis
220 2283 238 2324 e
260 2261 350 2326 vitiis
374 2265 566 2345 quaerentes
590 2260 720 2324 sordida
743 2260 846 2344 lucra,

42 2348 147 2424 Quam
171 2353 315 2414 vestrum
338 2349 518 2434 quisquam.
555 2347 659 2414 Vobis
682 2370 759 2413 nam
783 2353 916 2414 venerat
940 2352 1015 2414 ante

41 2437 152 2502 Iustus
175 2437 350 2516 Iohannes,
375 2438 519 2503 sednon
543 2442 594 2503 est
617 2438 745 2504 credere
768 2443 922 2504 vestrum.

42 2525 192 2611 Namque
215 2527 313 2591 fidem
335 2527 445 2610 potius
469 2527 675 2592 meretricum
697 2531 832 2610 pectora
854 2529 977 2591 certem

43 2614 233 2679 Haeserunt
256 2614 430 2700 sordesque
455 2615 555 2680 animi
577 2637 715 2699 posuere
738 2614 943 2708 pudendas.x
1003 2629 1055 2680 710

42 2703 91 2768 At
111 2725 170 2768 vos
194 2707 361 2770 tantorum
386 2699 543 2769 scelerum
566 2704 614 2768 nil
637 2703 784 2787 paenitet
807 2701 989 2786 umquam.“

87 2789 165 2874 „Sic
189 2791 320 2877 quidam
344 2792 446 2875 dives,
470 2794 521 2858 cui
544 2791 659 2880 iugera
682 2792 786 2857 multa
808 2790 943 2857 nitentis

43 2879 155 2944 Vineti
179 2902 293 2964 saepes
316 2882 439 2946 circum
462 2881 598 2947 densata
620 2885 759 2964 coercet,

44 2969 83 3033 In
106 2969 212 3034 medio
236 2975 359 3034 turrem
382 2971 573 3056 prelumque
596 2973 630 3035 et
653 2969 741 3035 dolia
763 2969 842 3035 fecit

46 3056 260 3143 Cultoresque
284 3058 372 3124 dedit
395 3059 585 3143 fructusque
609 3058 730 3124 locavit
752 3058 932 3142 habendos,
1006 3072 1056 3122 715

45 3146 225 3230 Inpositam
250 3151 396 3213 statuens
421 3147 577 3214 mercedis
601 3148 727 3213 solvere
750 3148 865 3236 legem.

46 3235 128 3300 Tum
151 3235 332 3322 longinqua
354 3237 451 3322 petit,
475 3237 531 3302 sed
555 3237 678 3303 fructus
701 3240 847 3321 tempore
871 3237 959 3300 certo

47 3323 184 3390 Actores
207 3324 351 3391 famulos
374 3325 492 3410 mittit,
516 3326 588 3412 quis
611 3325 719 3410 portio
743 3327 835 3392 salva
897 3363 900 3369 ·

113 3538 165 3590 685
186 3534 358 3606 suspiciebat
375 3537 465 3592 ΨΜ
473 3539 483 3607 ll
497 3541 548 3592 687
568 3537 594 3591 si
606 3535 743 3590 dixissent
758 3532 860 3599 0¹M*‚
879 3527 1013 3584 dixissent
1031 3527 1054 3580 si

48 3605 257 3676 R**Mpll'105
276 3608 383 3664 certum
402 3612 446 3663 est
465 3609 513 3674 M,
532 3610 652 3675 possunt
671 3605 737 3660 0¹12
