2484 4114
155 211 199 277 60
572 207 747 264 ursanus

161 356 351 422 Transierat
372 354 506 420 tandem
530 353 659 419 sulcans
681 353 767 418 freta
789 351 916 417 fervida
938 352 1059 438 puppis

160 445 381 530 Optatumque
405 443 515 528 gravis
540 443 786 528 comprenderat
810 462 930 506 ancora
952 444 1096 524 portum.

162 532 369 599 Conveniunt
391 532 505 617 populi
527 531 641 616 rapido
664 553 723 615 per
746 530 846 595 litora
869 551 965 594 cursu

159 623 334 688 Portantes
359 641 475 706 aegros
497 620 664 705 vestisque
688 618 851 705 attingere
874 618 932 683 fila
1133 636 1188 685 1³0

159 710 317 776 Extrema
340 713 498 794 exoptant
520 709 668 793 miroque
690 707 753 773 hoc
776 727 910 772 munere
933 706 1042 770 cuncti

160 797 337 864 Credentes
361 798 508 863 referunt
530 797 661 883 plenam
685 817 744 881 per
765 796 913 861 membra
937 795 1087 861 salutem.

205 887 291 952 Ecce
314 886 485 952 Pharisaei
507 887 695 970 scribaeque
718 885 794 950 hine
817 885 892 950 inde
915 883 1020 949 dolosi

160 974 341 1060 Captantes
364 973 534 1040 Christum
555 977 713 1059 promunt
735 973 868 1038 fallacia
892 972 991 1037 dicta:

160 1063 250 1148 „Gur
273 1068 331 1129 tua
355 1063 535 1148 discipulos
560 1063 684 1147 patitur
707 1061 855 1126 doctrina
877 1061 989 1126 labare
1135 1079 1189 1128 135

161 1151 349 1238 Praeceptis
373 1151 542 1217 veterum?
564 1151 715 1216 manibus
739 1171 820 1236 quos
844 1171 921 1214 cura
943 1149 1093 1214 lavandis

162 1241 351 1325 Praeteriit,
376 1245 573 1325 sumantque
597 1238 695 1304 simul
719 1261 792 1304 cum
817 1237 968 1304 sordibus
992 1237 1112 1305 e‘'as.“

162 1328 226 1394 Ille
251 1331 311 1395 sub
335 1330 416 1395 haec
439 1329 541 1394 fatur:
563 1327 693 1414 „Magis
715 1328 779 1394 hoc
797 1332 848 1392 est
866 1325 1020 1412 quaerere
1039 1327 1190 1415 dignum,

164 1417 377 1504 [transgressi
400 1420 576 1502 praecepta
599 1415 661 1482 Dei
684 1415 771 1500 quod
793 1415 932 1500 proditis
955 1437 1076 1482 omnes.

160 1504 313 1590 Namque
335 1504 425 1570 Deus
449 1508 591 1570 mortem
616 1505 720 1570 defixa
743 1506 817 1590 lege
840 1503 995 1588 minatur,
1133 1523 1187 1572 140

161 1592 195 1658 Si
221 1594 352 1680 genitor
374 1593 524 1677 cuiquam
548 1595 649 1659 verbo
672 1593 822 1658 laedatur
844 1613 956 1659 amaro

161 1677 223 1747 Vel
248 1683 397 1768 genetrix
419 1681 491 1747 nati
513 1681 622 1747 verbis
645 1683 793 1767 pulsetur
816 1681 951 1746 acerbis.

159 1768 267 1837 Inrita
288 1793 348 1837 vos
372 1771 474 1836 istaec
499 1771 605 1836 facitis
629 1791 782 1854 perversa
805 1770 959 1836 docendo.

161 1857 266 1934 Quam
289 1859 466 1926 manifesta
488 1859 603 1946 vigent
626 1858 665 1924 de
689 1859 783 1925 vobis
806 1858 894 1924 dicta
916 1858 1111 1944 prophetae:

159 1947 213 2012 Me
236 1949 377 2034 populus
402 1949 539 2013 summis
562 1948 658 2012 labiis
683 1947 838 2012 sublimat
860 1947 998 2031 honore,
1127 1966 1178 2014 145

160 2034 221 2100 Sed
247 2038 376 2102 diversa
399 2038 513 2122 procul
536 2036 643 2102 cordis
667 2039 792 2101 secreta
815 2039 993 2120 pererrant.

159 2124 309 2210 Accipite
333 2146 412 2212 ergo
437 2147 548 2190 omnes
573 2147 733 2210 auresque
756 2124 917 2189 advertite
942 2124 1062 2190 cordis}

160 2212 238 2278 Non
260 2213 366 2278 inlata
388 2213 515 2278 homini
537 2213 659 2279 fuerint
683 2233 918 2298 quaecumque,
941 2213 1100 2299 pudendis

161 2300 318 2367 Sordibus
342 2305 518 2387 aspergent
540 2303 669 2367 vitaeve
692 2303 842 2368 animove
866 2301 1033 2366 sedebunt.

160 2389 348 2475 Erumpunt
370 2389 539 2455 hominum
563 2390 619 2455 sed
643 2413 725 2476 quae
748 2390 971 2474 penetralibus
995 2391 1074 2476 oris,
1128 2409 1180 2459 150

157 2478 326 2544 Internum
349 2478 467 2544 misere
491 2479 704 2544 maculabunt
728 2480 815 2544 edita
838 2478 1009 2544 mentem.“

157 2567 323 2652 Discipuli
346 2567 478 2634 Christo
502 2571 700 2652 memorant,
724 2569 809 2653 quod
833 2569 933 2634 verba
955 2567 1120 2653 loquenti·

160 2655 295 2722 Occulta
320 2657 490 2722 traherent
513 2657 693 2722 scribarum
717 2660 851 2740 pectora
873 2657 951 2722 risu.

159 2743 221 2809 Ille
244 2744 373 2810 dehinc:
395 2745 557 2832 „Genitor
579 2747 767 2830 plantarum
792 2745 917 2810 semina
939 2748 1054 2810 noster

162 2832 252 2909 Quae
274 2855 342 2899 non
364 2834 434 2919 ipse
458 2835 509 2900 sui
532 2835 679 2900 consevit
700 2835 735 2898 in
758 2855 899 2919 aequore
921 2834 1021 2918 ruris,
1128 2851 1176 2902 151

161 2921 292 2986 Abiciet
314 2924 446 3007 penitus
470 2923 633 2989 radicibus
658 2928 751 2988 eruta
773 2924 880 3009 longe.

161 3008 300 3075 Caecum
323 3010 410 3076 forte
434 3012 547 3076 ducem
572 3033 686 3076 caecus
711 3013 739 3076 si
760 3014 877 3076 nactus
902 3010 1046 3095 oberret,

159 3097 293 3164 Desidet
315 3100 350 3164 in
372 3097 502 3166 foveam
525 3100 650 3185 pariter
672 3100 839 3166 demersus
862 3098 1028 3184 uterque.“

232 3273 607 3346 186namcuraMR11137
626 3274 777 3330 Praeteriit
795 3276 964 3343 sumantque
983 3273 1019 3342 A,
1038 3276 1173 3344 praeterit

159 3359 228 3397 sum.
250 3343 292 3411 0¹,
315 3343 456 3400 Praeterit
474 3347 533 3402 abs.
554 3347 592 3400 M
600 3346 699 3412 VBer,
722 3345 863 3401 Praeterit
882 3345 940 3400 abs.
959 3345 1002 3400 acl
1016 3361 1072 3400 ass.
1095 3347 1106 3418 ΙΙ
1127 3353 1174 3402 142

158 3413 252 3468 verbis
263 3414 307 3481 0²,
326 3415 411 3470 dictis
425 3419 435 3487 u
450 3421 500 3472 lte
515 3419 633 3486 carpent
649 3416 687 3471 V¹
700 3434 762 3472 cam
775 3417 865 3486 plesco
880 3415 1043 3484 detrahant,
1062 3421 1178 3487 captant

159 3485 226 3606 iim
244 3486 309 3554 (dic.
328 3501 380 3542 scr.
400 3491 527 3558 carpant)
548 3489 557 3556 ΙΙ
581 3491 632 3542 157
652 3487 773 3542 Caecum
789 3518 822 3528 -
837 3502 936 3542 caecus
957 3486 1176 3556 O¹AMatBrr,

181 3569 264 3609 aecus
279 3586 312 3596 -
328 3571 443 3613 caecum
