2484 4114
192 220 237 286 50
617 219 727 275 LIBER
745 221 779 277 II.

191 366 261 433 Neo
284 366 414 450 genitor
437 387 634 450 quemquam
657 365 759 431 vestri
782 387 816 430 se
839 365 944 431 iudioe
968 370 1121 452 quaeret,

193 455 254 520 Sed
280 455 369 520 dedit
392 454 473 520 haee
495 459 574 519 nato
599 455 774 539 quaerendi
797 455 870 518 iura
892 477 951 538 per
974 456 1102 540 orbem,

193 544 308 609 Gloria
332 566 396 628 quo
419 547 553 609 maneat
577 543 694 607 similis
718 547 860 627 natoque
883 546 1043 629 patrique.
1164 563 1214 611 646

190 632 342 717 Namque
365 633 514 716 repulsus
538 632 600 696 erit
623 635 733 697 vestro
757 633 906 697 sinatus
929 632 1068 718 honore,

190 721 409 805 Improbitate
431 719 504 806 pari
528 720 710 806 genitorem
734 720 928 806 despicietis.

193 808 256 875 Sed
278 810 329 875 661
352 813 468 874 nostra
489 809 588 877 fidem
612 809 771 874 sermonis
795 811 903 895 gratia
925 809 1013 894 figit,

190 898 269 964 Mox
291 921 343 964 me
365 897 528 964 mittentis
551 897 709 982 genitoris
732 897 818 962 dona
840 901 1010 983 patescent

190 987 434 1070 Aeternamque
456 985 547 1050 dabit
570 1007 725 1071 praesens
749 986 937 1051 oonstautia
960 987 1070 1052 vitam
1164 1003 1213 1054 666

191 1076 415 1160 Iudiciumque
437 1073 489 1138 illi
511 1096 578 1139 non
601 1078 664 1158 est,
688 1074 744 1138 sed
767 1075 888 1160 migrat
912 1075 953 1140 ab
969 1079 1050 1139 'atra

191 1165 300 1231 Morte
323 1163 438 1250 prooul
461 1163 607 1247 lucisque
630 1164 745 1247 vigens
769 1163 809 1227 ad
832 1164 948 1228 limina
970 1163 1082 1230 tendit.

235 1254 396 1319 Adveniet
418 1255 562 1336 tempus,
586 1273 660 1316 oum
682 1255 813 1316 mortua
835 1273 974 1336 corpora
996 1271 1110 1318 vooem

189 1341 363 1426 Aooipient
384 1345 532 1406 nostram
556 1344 590 1405 et
612 1342 716 1406 vitam
739 1362 812 1406 oum
835 1361 913 1405 voce
937 1341 1105 1406 tenebunt.

190 1429 278 1494 Nam
301 1429 385 1494 61661
407 1429 537 1512 genitor
559 1428 663 1494 vitam
686 1429 750 1493 sibi
771 1429 919 1514 possidet
941 1428 976 1494 in
999 1451 1047 1512 se,
1160 1448 1211 1498 666

191 1517 244 1583 Sio
271 1517 389 1583 tribuit
410 1523 488 1582 nato
511 1517 627 1601 vitam,
651 1521 683 1582 et
706 1517 757 1581 ius
781 1517 887 1583 dicere
910 1516 1018 1602 iussit,

190 1606 230 1670 In
253 1610 359 1672 terras
382 1603 526 1670 hominis
549 1605 702 1689 quoniam
727 1627 801 1670 oum
823 1627 959 1690 oorpore
981 1607 1081 1671 venit.

190 1693 259 1760 Neo
281 1693 377 1760 vobis
400 1693 520 1758 mirum
542 1693 704 1779 videatur,
728 1715 867 1778 oorpora
890 1698 1008 1760 666616

190 1783 289 1849 Voois
314 1783 356 1849 ad
379 1783 526 1848 auditum
548 1783 692 1868 propriis
716 1804 889 1868 exsurgere
912 1783 1032 1868 bustis,

189 1873 419 1958 laetorumque
442 1871 568 1936 animas
591 1871 737 1938 redivivo
762 1893 897 1956 corpore
919 1872 1020 1955 neoti,
1161 1891 1212 1940 666

189 1961 380 2046 Indioioque
405 1961 499 2045 gravi
521 1961 659 2026 miseros
683 1981 857 2046 exsurgere
880 1981 1011 2046 pravos.

190 2048 260 2115 Neo
283 2049 365 2114 mihi
388 2049 540 2114 iudieimn
564 2048 682 2113 tribuit
702 2071 777 2114 mea
801 2048 872 2114 sola
894 2052 1055 2135 potestas,

189 2137 339 2202 Arbitrio
364 2137 517 2220 quoniam
541 2137 699 2223 genitoris
723 2141 840 2203 anneta
862 2138 1023 2221 iubentur,

190 2224 252 2300 Qui
275 2247 327 2290 me
350 2225 511 2290 iustitiam
534 2227 631 2290 terris
656 2225 834 2309 disquirere
857 2225 961 2290 iussit.

188 2312 338 2400 Namque
362 2334 423 2398 ego
447 2314 476 2378 si
498 2315 632 2398 proprio
654 2313 750 2379 testis
768 2336 828 2399 pro
845 2315 978 2380 nomine
998 2333 1142 2400 surgam,
1158 2333 1210 2383 666

189 2401 288 2468 Falsa
311 2402 441 2486 loquar3
464 2402 612 2486 aliusque
635 2402 749 2467 itidem
773 2403 850 2486 quia
872 2404 968 2469 testis
991 2403 1133 2468 habetur

188 2491 252 2557 Pro
276 2491 386 2576 nobis,
409 2511 537 2573 semper
560 2489 642 2556 mihi
665 2490 747 2556 talia
768 2496 914 2556 temnere
935 2490 987 2556 fas
1012 2497 1070 2557 est

187 2579 275 2645 Nam
298 2580 384 2645 veris
408 2600 544 2664 operum
567 2579 671 2663 signis
695 2580 901 2644 manifestior
923 2581 1013 2645 omni

188 2668 275 2734 Luoe
298 2669 383 2734 nitet
405 2689 560 2753 praesens
582 2668 707 2733 nostris
730 2669 867 2734 testatio
890 2669 996 2734 faotis.

167 2757 282 2822 ,Talia
304 2758 481 2822 oonoedens
505 2757 635 2842 genitor
657 2757 739 2822 mihi
761 2758 858 2824 166116
882 2757 1050 2842 adhaeret,
1155 2776 1205 2826 676

189 2845 253 2921 Qui
277 2867 329 2910 me
353 2846 478 2910 dimisit
500 2846 598 2911 terris
622 2868 682 2911 666
703 2869 825 2932 ponere
848 2847 948 2912 iussa.

187 2933 293 2998 Huius
318 2934 404 2997 enim
424 2957 539 3000 rooem
561 2957 740 3020 numquam
763 2937 993 3019 eomprendere
1017 2934 1135 3018 quistis

187 3021 257 3089 Neo
281 3023 420 3108 speeiem
444 3023 610 3108 propriam
633 3025 794 3090 oonoessit
816 3025 922 3090 visere
944 3024 1049 3090 vobis.

186 3110 255 3176 Nee
279 3133 386 3176 sermo
409 3112 512 3196 ipsius
536 3115 659 3197 poterit
682 3134 741 3198 per
763 3116 875 3178 vestra
898 3113 1009 3178 sedere

187 3199 337 3285 Pectora,
361 3201 512 3266 credendi
536 3201 689 3286 quoniam
713 3201 899 3267 substantia
922 3203 1015 3266 nulla
1037 3203 1097 3266 est.
1153 3218 1202 3267 6⁷5

190 3357 290 3412 addua
308 3358 499 3425 6666661666)
518 3358 528 3426 ΙΙ
546 3361 597 3412 643
617 3372 785 3425 quemquam
806 3355 848 3425 0¹,
868 3357 1019 3426 quicquam
1037 3359 1046 3426 ΙΙ
1064 3359 1119 3412 648
1137 3357 1201 3428 figet

191 3426 300 3495 V²Ber,
318 3429 382 3498 figit
394 3429 404 3496 11
418 3433 470 3482 649
489 3427 645 3482 emittentis
663 3428 702 3484 M
711 3431 721 3500 fl
735 3434 787 3484 667
806 3430 896 3482 terras
906 3428 952 3483 0¹·
961 3427 1036 3481 1111*
1048 3428 1095 3498 V1,
1105 3447 1200 3484 -oum

187 3495 231 3564 0¹,
258 3497 431 3553 terris-de
454 3499 463 3566 ΙΙ
492 3504 543 3554 662
567 3499 699 3553 voluntas
724 3499 760 3552 V¹
769 3500 827 3556 Ber
838 3498 873 3554 0⁸
890 3501 901 3568 ΙΙ
919 3504 971 3554 666
996 3513 1107 3567 semper
1132 3499 1204 3555 (PM

186 3567 242 3621 dio.
261 3583 315 3623 ser.
333 3570 366 3622 iu
384 3567 421 3636 R,
439 3571 515 3624 reete
534 3569 581 3638 (0¹
599 3569 679 3624 addit
697 3568 754 3625 iam
768 3570 1020 3641 66616616611612
1041 3568 1126 3626 06166
1145 3571 1182 3626 Μ
