2484 4114
466 70 485 104 ι

173 185 217 248 64
592 184 703 238 LIBER
721 183 769 238 Ill.

173 329 219 394 Et
242 329 383 413 quaerit,
406 349 503 412 quem
527 349 561 392 se
584 327 779 412 populorum
802 328 892 393 foma
915 331 1057 414 putaret.
1153 347 1207 400 200

173 417 398 500 Respondent,
421 416 542 480 multas
565 415 672 500 plebis
696 421 773 482 tuno
796 438 866 482 esse
890 417 1066 501 loquellas:

174 504 327 571 Crebrius
351 503 478 570 audisse
502 508 535 570 et
557 504 678 571 multos
702 505 846 587 firmare,
870 505 959 590 quod
980 509 1068 570 esset

173 593 284 658 Iustus
307 591 487 677 Iohannes,
509 593 651 678 populos
675 593 731 678 qui
753 593 885 658 flumine
908 593 1000 660 lavit.

173 683 254 747 Pers
278 685 440 747 memorat
463 681 604 747 volueris
627 680 734 748 famae
758 683 822 746 sibi
846 683 978 769 cognite
1000 683 1109 749 verba

174 769 306 836 Heliam
329 770 456 836 venisse
479 771 612 855 iterum,
636 793 732 855 quem
754 775 909 856 praepete
933 793 1031 836 curru
1148 790 1206 841 200

175 857 317 924 Turbine
342 859 476 927 caelesti
500 859 663 943 quondam
686 859 842 926 simulata
865 858 1032 944 quadrigis

173 947 283 1013 Astris
307 947 445 1012 inseruit
467 947 600 1031 rapidae
623 948 674 1012 vie
698 947 824 1014 fervida
846 947 1007 1014 fiammae.

173 1036 375 1102 Hieremiam
397 1035 505 1100 dixere
529 1035 601 1120 elii,
624 1057 701 1118 pars
725 1058 795 1102 esse
819 1036 1041 1121 prophetam.“

173 1124 264 1190 Tune
288 1122 440 1190 Christus
463 1125 588 1190 eunetis
612 1123 758 1190 arridens
781 1128 912 1210 peetore
935 1125 1060 1192 blando

175 1211 361 1299 Conquirit,
385 1235 467 1299 quae
491 1212 535 1278 sit
559 1214 723 1278 sententie
746 1213 989 1298 discipulorum.
1146 1232 1205 1283 270

178 1300 241 1367 Sed
264 1301 395 1369 stabilis
418 1300 549 1366 Petrus:
572 1300 640 1385 „Tu
664 1301 776 1368 Sancti
797 1302 898 1381 filius,
921 1302 1042 1387 inquit,

177 1388 341 1475 Christus,
365 1391 538 1475 magnifico
562 1393 667 1456 terras
690 1392 747 1475 qui
770 1391 892 1456 lumine
915 1391 1088 1476 comples.“

174 1478 257 1542 Tum
280 1477 441 1543 Dominus
465 1478 545 1542 forti
568 1478 738 1561 respondit
759 1480 842 1545 talia
863 1478 976 1544 Petro:

173 1565 292 1651 „Petro
315 1567 430 1631 beatus
454 1567 533 1651 eris,
554 1588 632 1630 nam
656 1567 737 1632 talia
760 1568 901 1650 pandere
925 1571 1011 1634 eerte

174 1653 346 1720 Humanus
370 1653 504 1740 sanguis
528 1655 581 1720 vel
603 1659 710 1720 terrae
734 1655 842 1739 portio
866 1678 983 1740 eorpus
1145 1674 1202 1723 200

175 1742 268 1808 Haut
290 1765 445 1829 umquem
468 1743 599 1830 poterit.
637 1741 803 1810 Genitoris
826 1767 962 1810 munere
986 1744 1058 1811 sola

174 1831 317 1899 Possunt
340 1837 410 1899 tam
432 1833 577 1898 validum
599 1831 675 1898 fidei
698 1832 872 1902 oonoedere
894 1833 1003 1900 robur.

176 1921 224 1986 Tu
248 1944 369 1988 nomen
390 1921 482 1986 Petri
507 1923 606 2007 digna
628 1923 749 1988 virtute
773 1922 884 1994 tueris.

177 2008 248 2075 Hae
271 2010 305 2074 in
328 2011 415 2075 mole
439 2010 520 2074 mihi
544 2011 676 2096 saxique
699 2012 734 2074 in
756 2012 874 2076 robore
897 2031 1018 2094 ponam

177 2097 311 2180 Semper
334 2119 504 2162 mansuras
529 2099 669 2164 aeternis
693 2099 862 2164 moenibus
886 2100 994 2165 aedes·
1144 2116 1200 2166 280

176 2183 317 2249 Infernis
342 2184 456 2250 domus
480 2185 561 2252 haee
584 2209 651 2252 non
674 2186 899 2272 exsuperabile
923 2187 1028 2271 portis

176 2272 366 2338 Claustrum
388 2277 545 2358 perpetuo
570 2275 731 2341 munitum
755 2276 872 2342 robore
895 2275 1045 2360 hebebit3

176 2360 397 2445 Caelestisque
420 2361 483 2426 tibi
506 2361 614 2435 elavos
638 2363 843 2428 committere
866 2364 961 2449 regni

175 2451 239 2516 Est
262 2449 404 2534 animus3
427 2449 588 2533 terrisque
610 2453 668 2515 tuo
692 2472 774 2534 quae
797 2473 880 2518 nexa
903 2453 1066 2536 relinques

176 2539 337 2619 Arbitrio,
361 2539 451 2606 eaelo
474 2540 597 2623 pariter
620 2538 743 2604 nodata
765 2539 958 2622 manebunt3
1143 2559 1197 2608 200

177 2627 321 2694 Soli-erit
343 2631 377 2694 et
399 2649 511 2694 rursus
534 2630 593 2693 tua
617 2649 698 2712 quae
722 2627 885 2692 sententia
908 2627 1019 2711 terris,

176 2715 270 2783 Haut
293 2717 389 2783 aliter
411 2717 543 2783 venient
566 2717 648 2782 oaeli
672 2716 733 2781 sub
757 2715 832 2782 sede
856 2715 973 2782 soluta.

179 2803 242 2870 Sed
266 2828 323 2871 vos
348 2806 499 2892 discipuli
523 2803 692 2872 Christum
715 2828 767 2871 me
791 2805 897 2872 disere
921 2805 1045 2872 eunetis

177 2892 321 2979 Pareite,
344 2917 406 2978 quo
432 2895 495 2961 soli
519 2897 716 2982 cognossent
738 2894 819 2960 talia
843 2894 942 2982 digni.

177 2982 248 3047 Iam
270 2983 327 3048 lux
350 2983 499 3048 adveniet
522 2985 670 3069 properis
695 2983 776 3050 mihi
799 2985 948 3050 cursibus
970 2983 1114 3071 instans,
1142 3002 1194 3052 200

177 3069 348 3136 Moenibus
372 3070 407 3135 in
431 3070 572 3156 Solymis
596 3073 704 3139 rabies
728 3095 802 3139 eum
825 3095 929 3156 prona
951 3071 1060 3139 furore

176 3158 326 3224 Eximios
350 3163 463 3227 vatum
488 3162 650 3226 saturabit
674 3161 832 3248 sanguine
855 3164 978 3227 nostro.

177 3247 242 3313 Ast
265 3249 322 3313 ubi
344 3247 510 3314 lucifluum
533 3249 646 3314 reddet
669 3249 719 3315 sol
742 3250 859 3316 tertius
883 3254 1006 3332 ortum,

247 3393 299 3442 265
319 3405 430 3442 currum
450 3385 493 3456 0¹,
513 3404 595 3442 ourru
618 3386 668 3455 7²,
687 3405 783 3456 oursu3
801 3389 836 3455 ef.
859 3387 946 3444 Prud.
968 3385 1126 3443 oau.VH
1137 3389 1192 3461 32ll

177 3463 234 3594 21ξῖ
237 3459 359 3582 drffirp
388 3457 453 3524 Μ*,
481 3458 566 3513 robur
589 3460 598 3528 l
621 3463 673 3514 283
701 3459 865 3528 permittere
891 3460 927 3514 M
934 3458 1089 3518 RV¹Mut
1108 3462 1120 3531 l
1141 3463 1192 3518 289
