2532 4114
459 261 493 318 V.
512 267 662 318 rso-495.

52 405 149 470 Illum
172 427 249 472 nam
272 405 405 472 Domini
429 406 595 473 miseratio
619 408 713 491 larga
736 407 890 472 manebit.

52 493 187 578 Felices,
211 517 291 578 puro
315 496 370 580 qui
393 496 519 561 caelum
543 495 638 560 corde
662 499 804 579 tuentur,

51 582 202 648 Visibilis
226 581 315 648 Deus
337 583 390 648 his
413 605 471 667 per
495 584 624 649 saecula
648 588 765 648 444444
787 583 924 666 patebit.

51 671 207 737 Pacificos
231 671 320 737 Deus
343 673 378 736 in
400 689 570 738 numerum
595 671 658 736 sibi
681 671 784 755 prolis
809 672 955 755 adoptat.
1009 689 1061 738 400

50 759 174 826 Felices
196 760 347 844 nimium,
372 782 453 845 quos
476 761 650 827 insectatio
674 759 826 825 frondens

51 848 190 933 Propter
212 849 373 914 iustitiam
395 850 531 933 premit3
553 849 605 914 his
630 870 706 913 mox
729 848 821 935 regia
846 849 926 913 caeli

50 937 224 1002 Pandetur.
270 936 429 1016 Gaudete,
453 959 588 1022 operum
611 959 692 1022 quos
717 937 804 1003 iusta
828 941 977 1002 tenentes

50 1023 191 1111 Urgebit
213 1047 368 1110 praeceps
392 1026 535 1090 stimulis
558 1026 677 1090 iniuria
701 1026 819 1109 444414;

50 1113 197 1178 Plurima
219 1135 296 1179 nam
319 1135 440 1180 merces
463 1115 557 1178 vobis
580 1118 729 1180 servatur
750 1115 786 1178 in
809 1113 937 1201 4441114,
1009 1131 1062 1180 470

50 1201 201 1286 Namque
223 1201 458 1286 prophetarum
481 1201 544 1268 fuit
566 1202 739 1268 insectatio
762 1202 850 1268 44114.

93 1290 234 1372 Discite,
257 1312 315 1356 vos
339 1291 400 1356 hac
423 1292 458 1354 in
481 1294 569 1356 terra
593 1290 673 1354 44114
697 1311 768 1356 4444
792 1311 952 1373 saporem.

50 1377 112 1444 Hic
136 1400 235 1463 sapor
259 1379 380 1444 amissa
403 1379 431 1442 si
454 1379 519 1444 iam
543 1377 663 1444 virtute
687 1379 840 1464 senescit,

51 1466 139 1542 Quae
163 1467 242 1532 salis
266 1467 456 1550 absumptos
480 1472 575 1533 acuet
597 1467 780 1532 substantia
803 1466 942 1552 gustus?

49 1554 117 1620 Nec
141 1555 315 1640 quisquam
337 1556 413 1620 vani
436 1559 511 1639 post
534 1555 614 1621 haec
638 1560 786 1641 superest
806 1555 884 1620 salis
904 1577 996 1640 usus,
1012 1571 1064 1621 474

50 1643 93 1707 Ni
115 1645 213 1729 longe
237 1644 400 1710 abiectum
423 1649 540 1709 cuncta
562 1649 599 1709 ut
622 1644 763 1731 vestigia
786 1645 921 1710 calcent.

93 1732 164 1798 Vos
189 1733 267 1798 estis
291 1733 402 1797 mundi
426 1733 550 1798 clarum
574 1732 630 1818 (ne
654 1730 858 1820 abscondite)
882 1732 1003 1798 lumen.

49 1820 136 1885 Nam
160 1822 232 1907 quis
256 1821 431 1904 praecelsis
453 1821 619 1904 inpostam
642 1821 779 1905 rupibus
803 1821 916 1885 urbem

50 1908 221 1975 Occultare
246 1909 367 1994 queat?
403 1908 559 1973 Vestrum
583 1909 630 1972 sic
653 1909 764 1974 lumen
788 1908 829 1972 ad
853 1929 965 1974 omnes

49 1996 223 2064 Perveniat
246 2019 417 2081 rerumque
441 1997 537 2060 decus
561 1996 621 2060 sub
646 1997 717 2062 luce
741 2018 854 2062 serena
1011 2013 1063 2064 480

49 2085 204 2152 Ponatur.
242 2083 375 2150 (iunctis
398 2085 555 2170 genitoris
579 2086 686 2170 gloria
708 2085 810 2151 vostri

48 2174 226 2259 Laudetur,
250 2174 329 2239 celsi
351 2173 490 2240 thronus
514 2179 563 2239 est
587 2175 639 2238 cui
661 2174 753 2260 regia
776 2174 868 2240 caeli.

93 2262 169 2330 Non
192 2283 253 2349 ego
275 2283 362 2329 nunc
384 2263 509 2348 priscas
532 2263 622 2346 leges
646 2263 824 2328 dissolvere
847 2264 921 2328 veni

49 2351 185 2417 Vertere
207 2373 281 2436 nec,
304 2355 429 2417 veteres
452 2355 578 2436 ponunt
601 2373 683 2436 quae
706 2352 795 2416 iussa
817 2351 1011 2436 prophetae3

49 2439 167 2506 Omnia
189 2461 266 2506 nam
289 2435 383 2506 vobis
406 2461 466 2524 per
488 2462 540 2506 me
564 2441 757 2526 complenda
780 2441 968 2506 manebunt.
1009 2455 1061 2505 480

48 2527 290 2612 Vera1loquor,
313 2528 414 2594 donec
437 2528 520 2594 44411
542 2533 713 2614 terraeque
736 2531 900 2614 marisque

48 2615 204 2682 Interitus
227 2616 352 2701 4411144,
374 2618 457 2703 legis
479 2638 521 2682 ne
543 2618 655 2684 littera
679 2618 797 2684 saltem

49 2705 118 2771 Aut
142 2705 244 2791 apicis
267 2705 361 2788 parvi
383 2705 517 2789 gracilis
541 2706 708 2772 distinctio
733 2705 849 2788 deerit,

50 2793 167 2860 Omnia
190 2795 268 2878 quin
290 2794 371 2859 fiant
394 2794 520 2879 digesto
546 2816 584 2859 411
607 2795 720 2859 014144
743 2792 850 2858 444411.

50 2881 85 2946 si
107 2882 180 2968 quia
204 2882 290 2946 4111111
313 2882 483 2948 minimam
507 2883 654 2948 14444441
677 2882 800 2947 4014414
823 2885 950 2964 partem
1009 2898 1061 2948 400

48 2971 159 3038 Ausus
183 2971 258 3054 4114,
280 2971 469 3056 pariterque
491 2971 639 3036 homines
663 2971 809 3038 cudendo
834 2971 971 3056 docebit,

48 3059 111 3126 Hic
134 3059 261 3125 minimi
283 3080 402 3124 nomen
425 3060 558 3126 caelesti
580 3059 616 3124 in
639 3060 713 3124 sede
736 3059 871 3126 tenebit.

49 3147 95 3212 At
117 3149 312 3233 quicumque
336 3147 443 3233 operis
466 3149 591 3232 proprii
614 3149 837 3215 moderamina
861 3169 994 3216 servans

47 3235 211 3302 Inviolstu
234 3237 331 3302 simul
354 3237 463 3302 tradet
485 3241 660 3322 praecepta
683 3238 844 3322 priorum,

49 3323 187 3411 Magnus
212 3325 274 3391 4114
297 3325 473 3410 magnique
494 3324 579 3390 feret
601 3329 693 3390 trans
717 3326 824 3391 sidera
846 3344 975 3390 nomen.
1007 3335 1060 3383 404

119 3470 171 3520 473
192 3463 228 3532 11,
247 3464 375 3534 protinus
386 3464 419 3520 0¹
433 3465 442 3533 l
456 3467 508 3518 470
527 3463 675 3533 quisquam
687 3463 728 3531 01,
744 3463 893 3533 quicquam
905 3458 971 3515 MR
983 3459 993 3526 ΙΙ
1007 3459 1060 3508 479

50 3533 89 3588 414
101 3533 134 3589 0¹
153 3537 209 3605 (444
228 3553 243 3590 4
262 3534 359 3606 1444),
378 3536 427 3590 sed
440 3537 450 3605 l
463 3539 515 3589 489
530 3534 641 3604 digesto
652 3534 695 3602 0¹,
714 3535 848 3603 digestet
862 3539 913 3588 491
931 3525 1061 3584 44441140

50 3605 127 3660 0¹M
136 3606 180 3674 171,
200 3606 343 3662 44444440

864 3691 902 3744 2*
