2484 4114
364 208 479 297 mannx
491 241 540 298 111.
568 243 602 298 v.
623 248 718 300 1-sr.
1004 243 1047 308 57

27 390 175 476 „Nonne
198 389 252 454 bie
275 391 327 454 est
348 387 436 453 fabri
460 387 604 470 suboles,
627 389 679 452 oui
702 409 820 454 nomen
842 386 986 474 Ioseph?
1014 403 1049 455 us

29 479 107 545 Non
131 477 239 544 Maria
261 480 312 542 est
336 476 497 563 genetrix,
524 497 591 541 non
613 475 753 541 fratrum
775 481 856 543 nota
878 477 1048 565 propago?

28 567 126 633 Unde
148 565 252 654 igitur
274 566 358 652 legis
382 564 496 630 doator
517 567 692 649 tantaeque
715 565 865 631 minister

29 654 191 740 Virtutis,
214 653 301 720 sedit
323 653 375 718 oui
397 653 490 718 labes
513 652 602 719 vieta
624 653 831 718 malorum?“

30 743 162 808 Nazara
186 743 232 809 sio
256 743 384 828 plebes3
407 743 458 808 eui
481 740 564 807 talia
587 742 694 807 reddit
715 740 822 807 Iesus:
860 783 861 788 κ

28 831 254 917 „Temnuntur
276 831 419 917 propriis
442 831 601 896 miraeula
623 851 750 916 semper
773 831 809 896 iu
830 831 897 896 oris
1014 849 1048 899 30

30 920 76 984 Et
101 921 173 986 sine
195 920 319 987 honore
343 922 477 984 manent
498 920 608 1002 patria
631 920 691 984 sub
715 919 790 984 sede
813 919 1019 1005 prophetae.“

32 1008 170 1076 Talibus
193 1009 367 1095 indignans
390 1007 513 1092 pressit
536 1029 595 1073 sua
618 1029 753 1074 munera
776 1007 935 1075 Ohristus.

42 1096 208 1162 ·Interea
231 1097 272 1162 ad
294 1117 406 1184 regem
429 1096 592 1163 volitabat
614 1095 704 1162 fama
727 1097 917 1183 superbum,

31 1185 126 1262 Quod
149 1185 238 1252 mala
262 1189 378 1251 eunota
400 1185 452 1249 illi
474 1184 579 1250 virtus
604 1185 714 1250 divina
737 1185 908 1258 domaret..

31 1271 94 1339 Sed
117 1277 216 1360 putat
237 1274 398 1358 Herodes,
420 1273 480 1338 leti
504 1272 591 1357 quod
614 1274 687 1360 lege
710 1273 867 1338 remissus
1015 1291 1049 1340 35
1160 1315 1163 1321 ·

32 1361 143 1428 Tanta
166 1366 205 1428 ut
226 1361 390 1428 Iohannes
413 1362 547 1427 virtutis
570 1361 656 1426 dona
679 1365 814 1428 teneret.

31 1449 119 1516 Num
145 1451 309 1537 quondam
333 1471 468 1516 cernens
491 1449 607 1515 liventi
628 1454 761 1535 pectore
784 1451 935 1538 daemon,

30 1539 165 1606 Erroris
188 1540 298 1605 labem
319 1539 411 1625 puris
435 1538 522 1623 quod
546 1539 688 1605 solveret
709 1540 804 1605 undis

30 1626 144 1694 Iustus
166 1627 343 1712 Iohannes,
365 1626 491 1692 damnis
516 1647 651 1692 aooensa
673 1630 834 1694 malorum

31 1715 123 1782 Tune
146 1717 230 1801 petit
251 1716 416 1782 Herodem
439 1715 542 1801 pestis
566 1716 756 1782 saevissima
777 1739 889 1804 regem
1014 1733 1049 1785 40

32 1802 76 1868 Et
99 1804 197 1871 faoile
220 1805 335 1870 iniusti
357 1808 532 1888 penetrans
555 1804 745 1870 habitacula
768 1806 875 1871 eordis

32 1892 254 1959 Adcumulare
276 1893 355 1958 feris
379 1893 503 1979 subigit
526 1893 650 1958 seelera
672 1893 773 1978 impia
796 1895 907 1979 gestis.

33 1981 173 2046 Arserat
194 1981 320 2047 inlicito
343 1980 490 2046 Herodes
515 2002 668 2046 aecensus
692 2002 801 2047 amore

34 2067 73 2133 In
96 2071 262 2136 thalamos
284 2069 412 2150 fratris,
435 2072 526 2136 casto
550 2069 637 2154 quod
659 2070 729 2136 iure
751 2071 886 2136 vetabat

31 2156 157 2224 Doctus
180 2158 352 2224 Iohannes.
390 2157 517 2224 Feritas
541 2158 597 2223 sed
619 2159 729 2224 nescia
750 2159 832 2225 reati
1014 2173 1049 2225 45

33 2243 179 2313 Subieeit
200 2248 290 2335 leges
314 2247 451 2332 pedibus
474 2247 659 2333 fruiturque
680 2247 829 2314 nefandis

33 2332 191 2400 Conubiis
213 2335 385 2420 ipsumque
409 2357 516 2421 super,
539 2335 594 2420 qui
618 2356 720 2420 prava
743 2337 890 2422 vetabat,

34 2421 182 2490 Carceris
204 2424 355 2489 inmersit
376 2424 519 2488 tenebris
542 2424 723 2509 vinclisque
747 2425 904 2511 gravavit.

34 2509 201 2600 Sanguine
223 2535 298 2578 nam
322 2512 400 2578 iusti
422 2512 529 2596 primo
552 2534 739 2598 compressa
761 2514 880 2579 timore

32 2600 205 2667 Abstinuit
229 2601 343 2667 sitiens
365 2601 495 2685 feritas,
518 2601 595 2686 quia
617 2623 738 2686 magna
760 2601 955 2687 prophetam
1014 2617 1049 2668 ⁶0

32 2687 145 2755 Plebis
168 2689 347 2756 Iohannem
371 2690 539 2754 veneratio
563 2691 769 2773 suscipiebat.

32 2774 148 2844 Natali
172 2779 228 2843 sed
250 2778 336 2843 forte
359 2777 410 2843 die
434 2799 506 2843 oum
531 2778 618 2843 laeta
641 2781 799 2862 tyrannus

32 2863 181 2932 Herodes
205 2867 300 2932 celsis
325 2870 467 2932 strueret
489 2865 637 2932 eonmvia
659 2865 769 2950 tectis,

34 2951 198 3020 Luxuriae
222 2955 374 3042 quoniam
398 2955 570 3021 ooniunota
594 2955 745 3040 superbia
768 2956 901 3042 gaudet,

33 3039 73 3107 In
96 3043 203 3109 medio
226 3043 379 3110 iuvenum
401 3044 534 3130 reginae
556 3043 625 3108 filia
647 3043 755 3130 virgo,
1015 3061 1049 3112 55

33 3129 192 3198 Alternos
215 3133 356 3198 laterum
379 3134 523 3199 celerans
548 3132 730 3198 sinuamine
752 3138 877 3220 motus,

34 3216 243 3305 Compositas
267 3226 365 3287 cantu
387 3221 497 3306 iungit
519 3222 707 3304 modulante
730 3223 876 3289 ehoreas.

103 3382 138 3432 2⁷
156 3377 293 3448 magister
311 3375 516 3433 susurra
528 3378 538 3446 ΙΙ
552 3382 586 3434 28
603 3377 733 3433 laborum
748 3378 793 3433 V1·
801 3378 820 3448 ²,
839 3377 976 3432 malorum
990 3379 1001 3444 l
1014 3380 1049 3430 34

31 3445 74 3526 illi
85 3447 159 3516 dr,
182 3447 242 3503 illie
256 3450 267 3518 l
279 3453 316 3502 44
329 3452 408 3503 casto
419 3447 461 3502 0¹·
470 3447 532 3515 ⁸1⁷¹,
547 3451 645 3503 saneto
658 3449 669 3518 ΙΙ
682 3455 716 3506 47
736 3449 784 3518 qui
798 3447 893 3513 ΜΡ,
902 3445 1001 3547 dmi
1014 3450 1048 3500 48

30 3519 238 3587 mmersum01,
258 3521 387 3575 inmersit
400 3521 410 3590 ΙΙ
423 3522 457 3573 51
473 3517 646 3588 suspiciebat
655 3517 736 3573 ΜΨ
749 3521 758 3588 ΙΙ
773 3523 806 3573 53
821 3532 925 3571 mensrs
936 3514 978 3570 0¹·
1004 3515 1049 3585 1⁷¹,

30 3591 77 3644 sed
95 3591 131 3658 of.
148 3589 305 3661 Verum.
317 3596 334 3644 Ι
346 3595 417 3647 638.-
436 3588 566 3645 convivia
583 3589 667 3644 tectis
681 3590 691 3658 l
705 3593 738 3642 47
757 3587 852 3658 iungit
862 3583 1052 3654 0¹·¹·³rBer‚
