2484 4114
457 225 491 279 V.
512 231 660 283 seo—660.
1021 225 1063 290 75

13 371 251 455 Infericrque
274 369 390 435 dehinc
413 369 442 434 si
464 391 540 436 mox
563 369 697 436 conviva
721 369 858 454 subibit,
1008 385 1060 435 660

21 461 92 526 Ad
120 460 254 545 potiora
277 457 402 544 pudens
424 458 580 530 transibit
603 461 707 523 strata
729 458 903 524 tororum.“

81 549 247 614 Proxima
269 551 339 613 turn
363 545 505 632 Solymis
530 546 718 612 conscendit
741 546 883 612 culmina
908 546 1043 631 montis,

25 636 225 703 Ordinibus
249 637 359 702 lucent
381 657 464 722 quae
488 635 756 720 glaucicomantis
780 635 894 701 olivae.

25 726 134 790 Hinc
158 725 251 790 lectis
274 725 372 790 iussit
395 727 578 790 sectantum
601 724 848 809 discipulorum,

30 814 154 880 Obvia
177 813 303 879 castelli
326 817 513 878 monstrans
537 812 738 896 habitacula,
762 811 912 878 Christus
1008 827 1061 879 600

28 903 275 968 Indeasinam
299 901 422 987 pariter
444 901 514 966 fetu
537 902 715 967 comitante
738 904 902 985 repertam

30 993 186 1076 Ducere3
208 991 261 1056 vel
284 991 313 1055 si
336 991 409 1074 quis
433 1012 562 1055 causam
587 989 766 1075 disquirere
790 990 902 1068 uellet,

32 1079 112 1145 Cur
138 1099 197 1144 sua
220 1081 289 1144 tam
313 1079 421 1143 subito
446 1101 610 1162 qucquam
632 1079 778 1144 iumenta
801 1078 983 1162 trahantur,
1077 1154 1084 1168 .

34 1169 164 1234 Dicere
187 1172 278 1250 tunc,
302 1189 435 1252 operum
458 1165 635 1232 Dominum
659 1168 723 1232 sibi
747 1188 873 1232 sumere
896 1167 989 1232 velle.

33 1257 209 1340 Discipuli
232 1255 329 1322 celeri
352 1257 516 1340 complent
539 1260 713 1341 praecepta
735 1259 860 1339 paratu.
1009 1270 1062 1320 660

35 1345 223 1410 Adducunt
245 1345 400 1430 mollique
424 1367 520 1428 super
543 1344 703 1409 velamine
725 1345 825 1408 vestis

35 1433 237 1499 Insternunt
259 1433 386 1518 pullum
409 1433 572 1518 placidum
595 1433 815 1517 praebentque
840 1431 1024 1498 sedendum.

35 1522 133 1587 Hinc
157 1522 274 1586 veteris
299 1522 460 1605 quondam
482 1521 576 1587 fluxit
600 1544 662 1587 vox
685 1521 921 1586 nuntiaretis:

35 1611 153 1696 „Ecce
175 1611 264 1674 venit
288 1610 432 1693 placidus
456 1610 519 1675 tibi
543 1631 611 1692 rex,
636 1632 732 1694 quem
755 1613 848 1695 terga
872 1610 1036 1675 sedentem

37 1698 221 1786 Praemitis
245 1703 377 1783 gestant
401 1697 509 1764 asinae
532 1699 678 1783 pullique
702 1699 895 1783 sequentis.“
1006 1713 1059 1764 636

38 1789 137 1853 Tunc
160 1788 274 1873 populi
298 1791 418 1852 stratas
442 1789 635 1871 praetexunt
657 1786 802 1852 vestibus
828 1808 953 1868 omncs,

39 1877 181 1961 Quaque
204 1878 268 1941 iter
291 1880 341 1940 est
364 1874 509 1959 Christo,
533 1875 676 1940 subnexa
699 1875 814 1940 fronde
837 1879 1001 1940 coronant.

40 1965 199 2031 Proxima
222 1968 299 2029 tunc
323 1965 380 2029 alii
404 1965 547 2049 spoliant
569 1964 715 2049 palmeta
737 1963 843 2028 virore

41 2053 327 2138 Conclamantque
351 2075 476 2119 omnes:
499 2052 658 2136 „Davidis
681 2052 809 2138 origine
832 2054 921 2117 creto

43 2143 182 2210 Osanna
205 2142 341 2206 excelsis
365 2142 409 2206 sit
432 2142 538 2224 glorie
561 2141 649 2206 laeta
671 2140 874 2224 trophaeisl“
1010 2156 1061 2206 640

44 2231 100 2296 Sic
125 2230 205 2296 adeo
228 2230 409 2316 ingreditur
433 2228 641 2314 Solymorum
664 2229 792 2295 moenia
816 2227 975 2295 Christus.

42 2321 200 2405 Ingresso
224 2320 365 2384 occurrit
387 2318 494 2403 primo
519 2319 579 2383 sub
602 2318 713 2382 limine
737 2317 853 2403 templi

44 2407 204 2475 Oruribua
228 2411 326 2492 atque
350 2407 451 2472 oculis
475 2407 625 2473 certatim
649 2406 754 2472 debile
777 2407 904 2493 vulgus.

45 2497 136 2573 Quos
159 2496 216 2561 ubi
239 2500 307 2560 tam
332 2496 441 2560 subito
465 2515 579 2580 gressu
601 2496 737 2580 visuque
760 2497 909 2582 vigentes

45 2585 173 2652 Ouncta
196 2584 399 2650 sacerdotum
423 2585 578 2669 cognovit
601 2584 700 2650 factio
724 2584 847 2649 mirans
1008 2597 1061 2648 645

45 2674 94 2740 Et
116 2695 232 2756 pueros
256 2673 371 2758 templi
394 2674 593 2757 complentes
617 2677 703 2738 tecta
726 2673 879 2738 clamore:

47 2763 180 2829 Osanna
204 2763 335 2848 egregia
357 2761 492 2826 Davidis
517 2763 617 2846 stirpe
641 2764 763 2844 creato,

47 2853 160 2937 Ipsum
183 2853 379 2935 percontant
402 2850 522 2934 cuncti,
546 2871 627 2934 quae
651 2871 750 2915 causa
771 2849 922 2915 clamoris

48 2939 207 3024 Inpubem
230 2942 359 3004 tantum
382 2939 480 3003 tollat
503 2961 561 3024 per
584 2938 702 3023 gaudia
724 2938 861 3022 plebem.

49 3027 199 3095 Christus
219 3027 257 3092 ad
277 3028 370 3093 haec:
392 3026 513 3113 „Legis
528 3031 661 3092 sanctae
674 3047 734 3093 vos
749 3027 872 3113 scripta
885 3032 995 3092 tenere
1010 3041 1062 3092 660

124 3152 174 3204 621
193 3149 285 3203 audax
296 3146 470 3215 T**Add¹·¹‚
489 3147 596 3203 audens
615 3147 655 3220 Sy
670 3151 674 3215 Ι
690 3148 806 3204 accedet
824 3148 863 3203 M
868 3147 905 3204 0¹
912 3149 972 3202 Met
986 3150 995 3217 ΙΙ
1008 3152 1062 3202 644

50 3220 182 3292 regentes
201 3219 236 3273 M
248 3221 258 3289 l
279 3224 330 3274 646
349 3235 450 3274 canore
469 3219 512 3286 H,
531 3221 612 3276 ceteri
629 3235 696 3289 quoe
714 3219 828 3290 0090000·
844 3221 948 3275 codices
965 3218 1063 3286 006600·

52 3297 78 3348 ct
90 3292 243 3374 deteriores:
262 3289 398 3374 clamore3
416 3291 488 3346 hanc
505 3307 593 3374 ccccm
605 3291 708 3346 retineo
722 3296 747 3374 ct
759 3290 933 3374 statuendum
947 3294 986 3344 est
999 3288 1061 3342 100.

47 3365 165 3434 primum
182 3362 267 3416 60000
279 3376 353 3416 occec
365 3361 500 3432 syllabam
513 3363 652 3417 interdum
665 3377 829 3430 corripuisse
833 3380 844 3426 ;
862 3361 897 3426 cf.
912 3359 1062 3439 Armatam

52 3435 89 3490 cd
105 3450 129 3488 0.
143 3436 211 3497 648,
233 3433 284 3486 cti
301 3433 395 3487 itidem
414 3431 543 3487 clamoris
561 3433 746 3496 retinendum,
770 3445 934 3501 quamquam
952 3429 1062 3481 tunons

51 3506 83 3560 in
104 3501 303 3569 MAT*G³**‚
331 3500 450 3557 tumoris
474 3504 505 3557 in
524 3503 572 3570 0²,
600 3500 710 3557 canoris
733 3503 765 3557 in
787 3499 834 3554 Hl
856 3499 955 3580 lcqitwr
977 3498 987 3566 l
1009 3501 1061 3552 646

53 3578 158 3632 tantam
176 3571 273 3628 w*
287 3573 297 3642 l
311 3579 363 3629 660
381 3579 450 3629 scas
465 3573 498 3629 0¹
508 3573 576 3627 V¹A
586 3569 792 3642 MpBT**G'³‚
809 3569 903 3638 inquit
