2532 4114
480 253 513 308 v.
533 260 682 310 accersor.
1041 253 1082 316 37

67 397 116 463 At
141 397 335 483 quicumque
356 396 431 483 piae
454 399 561 464 tenuit
584 399 726 485 vestigia
748 398 849 481 vitae,
1033 411 1085 462 240

65 487 122 551 Ad
144 487 286 552 medium
309 491 466 571 properat
489 487 658 572 lucemque
680 488 838 552 nitescere
862 487 996 572 gaudet,

66 574 246 661 Splendeat
268 578 305 640 ut
328 575 427 640 elaris
449 575 582 641 virtutis
607 575 714 662 gloria
735 573 859 640 factis.“

115 663 194 728 Inde
219 661 398 728 Galilaeam
421 664 541 748 repetit
564 666 712 730 servator
734 662 836 729 Iesus.

64 753 273 817 Praeterieris
297 753 352 817 sed
375 751 462 817 forte
484 752 574 818 venit
597 751 793 818 samaritida
816 751 942 818 Siohen.

66 840 143 906 Illic
165 840 284 905 fundus
308 844 394 925 erat,
415 841 515 906 Iacob
539 840 733 906 denomino
755 841 897 927 pollens,
1032 856 1082 906 245

64 929 114 994 Et
137 932 256 1014 puteus
281 929 389 1014 gelido
414 929 579 995 demersus
602 930 638 994 in
661 930 774 995 abdita
796 928 895 995 fonte.

67 1017 208 1083 Sederat
230 1017 284 1084 hia
306 1017 419 1102 rapido
444 1019 590 1084 salvator
613 1019 750 1084 anhelus
774 1019 808 1084 in
832 1021 937 1103 aestu,

64 1105 295 1190 Discipulique
319 1127 410 1172 escas
433 1109 614 1173 mercantes
640 1107 810 1172 moenibus
834 1106 924 1171 urbis

63 1195 197 1260 Passim
221 1195 359 1279 dispersi
382 1196 488 1260 solum
511 1197 633 1281 liquere
657 1196 863 1278 magistrum.

65 1283 241 1348 Moenibus
266 1283 435 1368 egrediens
459 1281 632 1348 Samaritis
655 1283 889 1348 seminaverit
1033 1301 1084 1350 250

66 1371 253 1437 Hauritura
275 1373 363 1437 cavis
385 1372 477 1456 putei
499 1372 721 1458 penetralibus
745 1371 859 1437 undas.

66 1460 135 1526 Olli
159 1459 310 1525 Christus
334 1460 394 1524 ait:
417 1459 564 1545 „Latiam
588 1461 642 1544 da,
665 1459 800 1546 femina,
823 1460 961 1545 potum“

65 1548 282 1632 Respondeas
305 1549 436 1614 mulier:
459 1547 603 1634 „Mirum
626 1549 708 1614 mihi
730 1549 906 1634 praecipis,
928 1549 1048 1635 inquit,

66 1637 117 1704 Ut
140 1637 202 1702 tibi
223 1637 345 1702 Iudaeo
369 1637 489 1702 mulier
503 1636 707 1710 Samaritica
729 1642 843 1724 potum

64 1725 270 1810 Dispernens
293 1730 439 1791 veterum
463 1723 663 1792 Samaritam
686 1727 777 1792 iussa
798 1727 1008 1792 ministrem.“
1032 1743 1084 1792 aas

67 1814 154 1878 Tum
178 1818 325 1880 servator
348 1814 409 1880 ait:
431 1815 588 1899 „Domini
612 1817 640 1880 si
664 1836 799 1880 munera
821 1835 948 1894 nosses,

65 1902 116 1968 Et
139 1904 211 1988 quis
234 1907 268 1968 te
291 1902 404 1968 sitiens
427 1903 574 1989 putealia
596 1905 713 1986 poeula
735 1906 865 1986 poseat,

69 1991 122 2055 Tu
145 1993 255 2077 potius
279 1995 420 2078 peteres,
443 1991 552 2057 vivam
576 1992 637 2056 tibi
659 1991 804 2056 traderet
825 1990 974 2057 undam.“

69 2079 138 2146 Illa
162 2081 222 2145 sub
245 2080 338 2146 haec:
360 2080 505 2165 „Puteus
529 2080 690 2166 gremium
715 2080 864 2144 sinuetur
886 2081 921 2144 in
945 2080 1062 2166 altum,

67 2168 195 2235 Urceus
220 2173 270 2232 est
292 2169 403 2235 nullus
425 2189 486 2234 nee
509 2173 586 2233 sunt
608 2169 671 2234 tibi
693 2169 823 2234 vincula
845 2169 946 2252 funis,
1031 2187 1084 2237 aaa

66 2255 164 2322 Unde
187 2257 290 2342 igitur
312 2257 436 2343 poteris
459 2258 581 2322 undam
604 2257 686 2322 mihi
708 2258 837 2322 tradere
859 2257 991 2324 vivam?

67 2344 158 2411 Num
180 2349 217 2410 tu
240 2345 345 2411 maior
369 2346 432 2411 eris
455 2346 560 2412 nostri
582 2347 704 2412 virtute
726 2343 893 2430 parentis?

67 2433 167 2499 Hunc
187 2433 286 2500 Iacob
311 2435 430 2499 etenim
453 2438 588 2520 puteum
612 2457 684 2500 eum
707 2436 800 2520 prole
823 2435 969 2520 bibebat,

66 2523 116 2588 Et
139 2523 290 2608 proprios
314 2523 378 2588 huc
402 2545 497 2608 saepe
522 2545 638 2610 greges
662 2523 703 2588 ad
726 2523 843 2607 poeula
866 2522 986 2588 duxit.“

67 2611 137 2677 Olli
158 2611 326 2694 respondit
349 2611 461 2676 mundi
484 2619 641 2699 regnator
663 2611 769 2676 Iesus:
1032 2629 1084 2680 265

66 2699 143 2785 „Ex
165 2699 231 2764 ista
252 2701 347 2784 plene
370 2701 480 2765 nullus
504 2701 680 2767 satiabitur
702 2700 809 2782 unde,

66 2788 156 2854 Nam
179 2809 292 2853 rursus
316 2790 418 2873 sitiet,
442 2789 498 2853 red
520 2791 626 2854 nostri
649 2789 734 2853 dona
756 2788 893 2871 liquoris

142 2932 194 2982 243
214 2925 346 2983 Servatur
357 2926 391 2982 0¹
401 2925 556 2996 ΝΛΜ,
575 2926 707 2982 Salvator
719 2928 729 2996 ΙΙ
742 2931 795 2980 244
810 2925 912 2983 Sichen
922 2926 965 2994 0¹,
985 2927 1084 2986 Siehae

68 3032 137 3089 me
145 3032 191 3098 1⁷1,
210 3032 322 3088 Sionem
347 3032 388 3086 r*
406 2999 531 3102 (aetem)
550 3033 616 3088 Mat
634 3034 691 3088 aar
713 3035 723 3103 l
746 3039 798 3088 aa
817 3034 901 3089 neos
920 3035 954 3090 a
975 3033 1017 3102 οι,
1041 3035 1084 3090 ra

69 3103 137 3159 cobi
154 3103 197 3172 M,
222 3103 306 3158 Iacob
326 3104 492 3174 cognomine
511 3103 539 3159 R
561 3107 571 3174 l
593 3109 645 3158 247
666 3105 791 3159 salvator
810 3103 916 3174 O¹R**‚
936 3107 1062 3160 servator
1075 3105 1086 3176 Η

63 3180 132 3245 poet
150 3179 201 3229 252
221 3175 391 3230 addituecst
408 3176 453 3230 tie
470 3193 508 3231 a:
532 3175 614 3229 Illam
634 3176 763 3245 deposcit
780 3179 878 3244 potum
899 3175 954 3232 sibi
971 3176 1085 3230 madere

70 3243 200 3300 Christus
220 3244 263 3312 0¹,
289 3247 385 3301 ardiae
407 3247 514 3301 iaoerm
537 3263 561 3302 o.
580 3247 666 3318 asela
684 3249 812 3316 leputatur
830 3249 862 3302 ia
884 3245 956 3315 1⁷¹³,
983 3263 1008 3301 o.
1027 3249 1085 3301 252

66 3317 144 3372 solas
167 3317 267 3386 lepitar
290 3319 322 3372 tn
340 3317 425 3385 Item,
453 3318 523 3372 alter
543 3333 637 3372 vasae
655 3318 687 3371 ia
704 3320 797 3373 aetem
815 3318 941 3373 omuibus
958 3329 1024 3385 quoa
1042 3331 1085 3370 eo-

66 3388 165 3458 quooi,
183 3388 307 3444 sedatae
325 3389 408 3443 dubio
426 3389 473 3442 elle
489 3390 626 3459 peruiam
644 3393 682 3443 est
694 3391 704 3457 11
717 3393 769 3443 266
789 3389 870 3442 Hune
880 3419 913 3428 —
923 3390 1039 3456 putenm
1051 3384 1086 3438 0²

68 3458 108 3526 R,
128 3457 233 3513 Hoe-
246 3461 332 3527 puteo
352 3460 411 3526 ΜΙΙ
429 3465 482 3514 266
500 3458 545 3512 Ad
563 3459 635 3514 haee
653 3466 780 3514 servator
797 3459 869 3512 talia
887 3456 964 3510 dieta
982 3452 1086 3509 detulit

69 3529 109 3583 M
119 3530 194 3584 satra
212 3532 470 3601 (semperstantes
487 3531 525 3584 od
542 3531 693 3654 marpaem
711 3531 839 3599 adpictus
857 3529 984 3597 66611266
1001 3524 1085 3594 plene

70 3599 148 3668 0¹13,
167 3601 204 3654 ad
222 3600 338 3669 plenum
356 3600 433 3669 Mat,
456 3601 540 3669 plane
559 3601 597 3654 Μ
631 3601 640 3630 ¹
