2484 4114
173 221 218 284 54
575 266 578 272 .
601 215 710 273 LIBER
727 217 761 272 ll.

173 362 318 449 Quisque
342 384 451 430 mcum
474 362 608 427 verbum
632 383 777 426 summas
801 361 938 429 dimittit
960 362 995 427 in
1018 385 1133 450 aures,

173 453 242 520 Nec
267 473 381 518 sensus
403 451 520 535 recipit
543 449 654 515 stabili
677 453 850 535 praecepta
872 450 998 536 rigore,

173 541 283 626 Eripit
305 539 395 606 illius
418 544 524 605 totum
547 539 587 604 de
610 544 741 624 pectore
765 540 912 606 daemon.

173 629 236 697 Hic
260 651 339 716 agro
364 632 414 694 est
437 627 554 694 similis
578 627 673 713 duro,
697 627 751 712 qui
775 628 923 714 germina
945 628 1042 694 farris

172 717 320 804 Exponit
342 717 465 802 rapidis
489 717 602 782 avibus
626 716 696 782 sine
719 717 815 802 fruge
837 717 995 802 rapinam.
1145 738 1197 788 700

173 805 267 873 Sunt·
281 807 351 891 alii,
373 808 460 872 laeto
484 807 540 892 qui
563 809 694 889 pectore
716 809 830 870 nostra
852 809 1034 890 receptant,

104 911 105 914 ’
173 894 237 962 Sed
260 896 369 963 brevis
393 899 443 960 est
465 895 533 960 illis
555 899 727 980 perceptae
750 894 860 977 gratie
882 894 996 980 frugis.

173 984 261 1051 Nam
285 985 314 1049 si
337 984 418 1049 dura
440 986 569 1068 premat
592 986 735 1066 mentem
757 982 913 1048 strictura
936 1005 1103 1070 coercens,

173 1071 337 1139 Continuo
360 1071 481 1158 trepidi
502 1071 645 1156 produnt
669 1071 732 1136 sibi
755 1071 883 1146 credita,
901 1071 979 1138 leto.

172 1161 234 1228 His
259 1183 396 1228 saxosus
421 1182 500 1248 ager
523 1159 624 1227 simili
647 1160 780 1226 levitate
804 1159 944 1226 virescit.
1145 1181 1196 1231 735

171 1251 219 1315 At
243 1250 394 1337 spinosus
418 1270 497 1336 ager
519 1269 671 1316 curarum
694 1249 779 1314 mole
804 1248 950 1334 gravatis

172 1339 374 1424 Respondet,
397 1342 549 1423 pressant
573 1359 654 1423 quos
677 1337 821 1422 pondera
845 1336 1043 1404 divitiarum.

173 1425 306 1492 Semina
329 1427 375 1493 sic
396 1427 503 1492 nostri
526 1425 685 1491 sermonis
709 1447 822 1509 pressa
846 1431 1034 1513 gravantur,

170 1514 242 1581 Nec
265 1513 390 1581 fructus
415 1514 561 1598 sequitur
585 1515 752 1598 spinarum
775 1514 911 1580 homere
933 1519 1079 1582 necatus.

172 1603 315 1690 Pinguia
338 1604 385 1669 sic
407 1602 519 1668 itidem
544 1603 678 1685 paribus
701 1606 792 1668 stant
814 1603 939 1669 viribus
964 1627 1044 1671 srva
1144 1625 1196 1676 790

172 1691 257 1777 Illis,
281 1691 337 1778 qui
360 1693 465 1756 clarae
489 1691 623 1774 capiunt
643 1696 819 1776 praecepta
841 1693 971 1776 salutis,

173 1779 262 1857 Quae
285 1785 459 1868 penetrant
482 1781 627 1846 animum
651 1801 748 1845 sensu
771 1784 934 1846 tractante
956 1783 1062 1848 tenaci

172 1869 449 1956 Oentiplicemque
471 1869 581 1935 ferunt
604 1869 737 1936 virtutis
760 1871 879 1935 robore
901 1869 1060 1957 frugem.“

171 1957 262 2025 Haec
286 1963 357 2024 tum
381 1957 551 2042 discipulis
573 1958 727 2042 plebique
749 1958 831 2023 haec
853 1959 986 2042 insuper
1008 1959 1109 2027 addit.

216 2047 417 2134 „Agricolae
440 2047 546 2112 simile
569 2051 619 2112 est
641 2068 779 2132 regnum
803 2045 942 2113 sublime
960 2049 1117 2116 tonantis.
1143 2068 1194 2118 790

171 2135 233 2202 1110
255 2135 335 2201 10017
356 2136 489 2220 proprio
513 2135 671 2200 mandans
694 2136 781 2200 bona
803 2135 928 2200 semina
951 2136 1032 2221 ruri,

173 2223 237 2291 Sed
260 2227 336 2310 post
359 2223 543 2309 subripiens
566 2225 736 2290 hominum
758 2224 942 2290 insidiando
964 2226 1077 2310 sopori

53 2383 56 2390 ,
172 2313 260 2379 Trux
281 2311 433 2378 inimicus
457 2313 538 2397 adit,
561 2313 741 2396 loliumque
763 2313 926 2399 inspergit
947 2335 1105 2381 amarum

172 2401 258 2468 Ecce
281 2400 338 2466 sed
362 2400 402 2467 ad
425 2400 568 2466 fructum
591 2403 705 2468 culmis
729 2423 803 2466 cum
827 2401 953 2486 spiceus
977 2403 1096 2469 horror

171 2489 350 2573 Processit,
373 2489 454 2555 lolio
477 2489 594 2556 messis
618 2490 782 2556 maculata
803 2490 972 2556 redundat.
1138 2511 1192 2562 800

172 2578 258 2644 Tum
280 2579 412 2645 domino
434 2578 551 2644 famuli
574 2579 728 2644 mirantes
752 2578 834 2644 talia
856 2579 982 2644 fantur:

171 2667 289 2734 Nonne
313 2669 436 2734 bonum
459 2673 566 2734 terrae
590 2689 701 2732 semen
722 2690 781 2754 per
803 2671 898 2753 terga
921 2667 1060 2735 dedisti?

171 2755 267 2822 Unde
288 2757 391 2842 igitur
414 2757 494 2823 lolio
517 2755 606 2840 turpi
628 2760 685 2822 tua
707 2779 783 2822 rura
806 2757 1008 2843 gravantur?

172 2843 236 2910 sed
258 2845 337 2930 iam,
361 2845 390 2910 si
411 2846 538 2930 iubeas,
562 2867 699 2910 messem
723 2845 936 2931 purgabimus
961 2867 1104 2932 omnem,

172 2932 398 3018 Γ1117100000οο
421 2934 509 2998 nitor
532 2935 653 3000 selecta
676 2933 770 2999 sorde
794 2933 934 2999 resistet.
1136 2955 1188 3004 805

173 3021 258 3087 'I'um
281 3021 432 3087 dominus
455 3021 529 3086 miti
551 3028 665 3088 0010710
688 3044 837 3087 sermone
860 3022 1022 3107 profatur:

171 3109 236 3178 Hic
259 3111 353 3176 dolus
377 3115 439 3194 est,
462 3109 601 3196 inimice,
623 3116 714 3195 tuus,
738 3111 794 3176 scd
815 3111 905 3176 farra
929 3111 1076 3177 sinamus

244 3293 297 3344 779
316 3288 419 3356 (101001
438 3287 564 3356 germine
582 3285 664 3340 farris
684 3283 725 3352 0²,
745 3286 814 3340 duro
834 3284 884 3354 qni
902 3283 1030 3354 germina
1048 3286 1123 3343 calle
1144 3289 1188 3342 Ol

173 3360 320 3416 78410110
340 3357 410 3426 0¹³,
432 3358 509 3413 loeto
533 3359 565 3413 in
581 3373 637 3412 rus.
658 3356 705 3424 M,
724 3357 800 3412 10070
819 3355 847 3410 R
860 3357 870 3425 ΙΙ
884 3361 936 3412 780
959 3356 995 3411 de
1013 3355 1120 3414 vita0¹
1135 3377 1188 3428 pro

172 3429 299 3500 levitate,
318 3447 388 3502 puae
406 3431 484 3484 lectio
502 3447 541 3483 ua
558 3445 623 3483 uera
641 3428 678 3482 sit
696 3428 811 3482 dubiam
828 3433 867 3482 cst
880 3429 889 3496 ΙΙ
903 3432 955 3483 791
975 3425 1068 3483 clarae
1089 3429 1125 3484 01
1136 3431 1184 3485 V¹J

174 3507 225 3555 797
244 3504 384 3557 uastante
404 3498 799 3568 011001010000010000
818 3504 869 3553 797
888 3497 1046 3568 subripiens
1067 3499 1188 3572 01800

172 3570 287 3626 10010707
306 3571 340 3626 01
352 3570 400 3637 1⁷¹,
419 3569 523 3624 nitebit
541 3569 661 3638 MatVl,
679 3568 800 3625 nitescet
