2532 4114
183 215 227 279 -26
619 214 729 268 LIBER
746 215 766 269 I.

184 359 253 424 Aut
276 359 383 423 alacer
407 357 537 440 sonipes
560 359 665 443 ruptis
688 359 828 426 effrenus
851 359 1002 443 habenis,

184 448 254 512 Ant
275 446 412 510 rectoris
435 465 534 529 egens
557 451 694 512 ventosa
717 469 775 531 per
798 469 939 532 aequora
961 449 1089 532 puppis.

229 533 408 598 Observata
431 533 521 618 illos,
543 533 629 600 falso
653 536 709 620 qui
730 537 862 600 nomine
885 537 979 602 vobis
1147 557 1203 606 600

184 623 324 688 Insidias
347 621 472 688 faciunt
496 623 765 709 appellanturque
788 625 978 710 prophetae.
1257 627 1258 640 ¹

183 710 256 776 Hos
281 711 391 776 ovium
415 711 537 795 speeies
561 711 673 796 vestit,
697 713 754 778 sed
777 735 874 778 saeva
897 713 1050 796 luporum

182 800 320 864 Pectora
342 799 456 864 fraude
479 804 608 885 tegunt,
631 801 837 886 lacerantque
860 803 991 868 incauta
1013 802 1181 870 trahentes

182 887 327 974 Agmina
349 888 533 969 cedentum,
557 910 673 954 saevus
697 912 778 974 quos
803 891 924 974 decipit
947 912 1045 956 error.

181 975 355 1042 Fructibus
380 999 397 1040 e
419 976 561 1061 propriis
584 979 869 1044 noscunturtalia
893 984 1051 1064 monstra3
1145 998 1201 1046 695

183 1065 350 1150 Quemque
373 1068 466 1150 petat
489 1065 587 1128 finem
607 1065 712 1131 fallax
735 1068 883 1134 doctrina
905 1068 1079 1134 videndum
1102 1073 1162 1133 est.

181 1153 270 1218 Nam
292 1174 396 1239 neque
420 1153 460 1218 de
482 1153 613 1219 tribulis
636 1154 716 1220 ficus
738 1177 798 1220 nec
822 1156 967 1221 sentibus
991 1179 1071 1221 uvas

180 1241 374 1308 Provenisse
397 1264 552 1327 umquam
575 1245 660 1308 ruris
683 1265 741 1329 per
764 1248 859 1331 terga
882 1246 1032 1310 notastis.

182 1329 292 1415 thue
316 1332 413 1396 arbor
436 1332 568 1416 proprio
592 1333 732 1397 vestitur
756 1333 900 1419 germine
923 1335 1026 1417 pomi,

183 1415 235 1482 Sic
259 1419 353 1482 dolus
376 1418 508 1482 illorum
532 1419 640 1484 fructu
663 1424 869 1486 monstrante
891 1423 1039 1506 patescit.
1145 1439 1201 1488 700

225 1503 302 1570 Non
325 1525 385 1589 ego
409 1506 602 1588 palpantum
625 1507 732 1570 verbis
756 1511 789 1570 et
812 1508 936 1573 honore
959 1510 1122 1593 movebor,

182 1591 264 1676 Nee,
286 1614 338 1656 me
362 1592 447 1674 quod
471 1591 637 1656 dominum
659 1593 860 1676 praeblanda
883 1595 1024 1660 adolatio
1048 1596 1147 1679 dicet,

179 1681 327 1745 Praemia
349 1678 500 1744 caeleaati
525 1677 654 1763 capient
677 1683 858 1763 spontanea
881 1682 975 1745 sedis

180 1768 236 1833 llli
260 1769 317 1833 sed
340 1767 455 1832 meritc
480 1767 667 1853 gaudebunt
689 1789 821 1834 munere
844 1769 950 1854 regni,

180 1856 243 1934 Qui
265 1856 386 1923 facient
408 1857 514 1923 nostri
537 1856 695 1943 genitoris
718 1857 808 1922 iussa
830 1857 986 1924 volentes.
1140 1877 1195 1925 700

179 1946 343 2012 Adveniet
364 1968 441 2011 mox
465 1967 591 2010 summa
613 1945 697 2028 dies,
719 1967 802 2031 quae
825 1946 895 2010 iure
920 1967 1030 2012 severo
1050 2003 1053 2010 ⁴
1153 1987 1159 1998 ·

179 2035 331 2100 Praemia
353 2034 500 2098 iustitiae
523 2034 646 2098 tribuet
670 2035 848 2120 scelerique
872 2034 1062 2119 gehennam.

178 2123 268 2188 Tunc
292 2122 374 2186 mihi
397 2123 576 2187 multorum
598 2123 755 2188 clamabit
777 2125 858 2188 talia
879 2124 989 2189 fletus:

179 2209 296 2276 Nonne
319 2214 376 2274 tuo
401 2211 565 2294 quondam
587 2231 727 2296 magnae
751 2212 810 2276 sub
833 2211 965 2276 nomine
987 2211 1083 2276 nobis

179 2297 331 2364 Virtutes
355 2298 477 2364 sanctis
501 2299 696 2364 domuerunt
719 2299 829 2367 omnia
852 2299 972 2364 iussin?
1141 2317 1197 2366 710

180 2386 283 2472 Saepe
307 2386 407 2451 etiam
428 2389 543 2452 nostra
566 2391 616 2451 est
639 2408 703 2453 vox
725 2387 938 2453 adnumerata
961 2388 1130 2472 prophetis

181 2475 385 2560 Servivitque
408 2477 466 2539 tuo
488 2474 583 2539 nobis
608 2475 668 2540 sub
691 2475 822 2540 nomine
845 2475 990 2542 daemon.

179 2565 270 2630 Tunc
292 2564 408 2630 iurabo
432 2562 513 2645 illis,
535 2562 621 2646 qnod
643 2563 722 2628 talis
746 2563 878 2650 cognita
899 2586 1078 2648 numquam

177 2653 258 2718 Vita
280 2652 362 2717 mihi
385 2655 435 2718 est
457 2650 641 2735 hominum,
664 2653 766 2736 gestis
791 2674 874 2736 qnae
898 2653 1009 2718 sordet
1031 2652 1161 2737 iniquis.

223 2739 366 2825 Quinque
390 2740 471 2806 meis
494 2739 628 2805 monitis
652 2761 809 2825 auresque
833 2745 865 2806 et
884 2740 972 2806 facta
991 2741 1125 2825 dicabit,
1140 2758 1196 2807 715

177 2828 274 2894 Hunc
297 2830 442 2912 aequabo
466 2828 537 2894 viro
562 2828 674 2893 solidis
698 2828 888 2894 fundamina
911 2829 997 2894 saxis

177 2916 331 2999 Ponenti,
354 2917 476 2982 librata
500 2938 597 3002 super
620 2917 672 2982 cui
695 2918 824 2984 moenia
848 2922 991 3001 surgent.

250 3131 302 3181 004
330 3125 479 3180 cedentum
503 3125 541 3180 M
565 3127 622 3194 (sed
644 3131 717 3182 tatae
738 3143 763 3181 a.
783 3145 802 3182 a
819 3142 854 3180 m.
873 3125 914 3180 II
931 3127 1004 3182 iuter
1027 3127 1076 3181 lia.
1100 3129 1192 3197 suppl.
1257 3169 1258 3194 ,

177 3199 234 3267 eet),
254 3197 387 3252 edentum
407 3195 449 3264 0¹,
468 3197 630 3250 credentum
648 3197 676 3250 R
698 3199 792 3266 lpoet
810 3203 875 3252 696:
906 3197 1082 3266 Quapropter
1099 3215 1194 3254 rernm
1257 3207 1258 3212 ’

177 3267 291 3323 molieio
305 3266 495 3336 perspiciatur
506 3265 584 3320 01M
592 3265 733 3336 (molitio),
752 3269 823 3324 dccet
831 3267 889 3322 170
894 3267 904 3299 ²
913 3267 1193 3324 Maenade-*Ber

177 3339 212 3393 H
218 3337 337 3409 SpBod,
351 3341 448 3407 postea
466 3337 530 3392 aaa.
543 3337 596 3406 Mp
605 3338 638 3403 T,
656 3339 767 3408 oirpala
784 3340 909 3394 inclusae
926 3345 952 3394 et
969 3340 1192 3408 circumceptus

182 3409 240 3478 1⁷²5
257 3413 355 3464 maara
372 3408 533 3463 scholiastae
550 3409 661 3464 debetur
674 3408 683 3477 ΙΙ
698 3415 749 3463 702
768 3408 943 3478 praeblanda
962 3408 1029 3463 0¹ss
1044 3412 1049 3477 Ι
1065 3410 1190 3466 adolatio

176 3481 217 3534 ccl
236 3479 362 3534 adulatio
375 3479 398 3534 O
413 3480 470 3548 (aad
481 3479 607 3556 primam
625 3480 657 3533 ia
674 3480 795 3548 optimis)
808 3481 818 3547 11
833 3485 884 3535 703
898 3479 1012 3549 capient
1022 3480 1064 3549 0¹,
1079 3482 1174 3552 capiet
1183 3483 1192 3552 ll

178 3553 229 3602 '105
247 3547 354 3604 facient
371 3548 414 3616 0¹,
432 3549 541 3602 sacrant
