2532 4114
473 100 756 159 PROLEGOMENA.
1047 109 1126 164 XVII

102 249 252 316 beriehte
271 249 335 315 vol.
356 249 395 314 71
417 270 448 333 p.
465 247 552 330 146).
569 245 768 332 -Accedit,
787 250 873 334 quod
892 252 1017 318 codices
1038 275 1125 319 com-

101 339 217 422 plures
255 338 296 403 ab
329 335 471 402 Arevalo
507 336 754 402 commemorati
787 359 853 403 non
885 339 952 404 iam
984 341 1124 408 inveniri

101 431 293 513 potuerunt,
315 426 402 492 inter
424 447 506 511 quos
528 424 678 508 inprimis
703 425 819 490 codex
842 425 999 494 Barthii
1022 433 1124 516 pluri-

103 515 169 580 mis
197 516 278 582 locis
306 514 458 579 laudatur
486 512 540 598 (cf.
568 511 697 579 Barthii
725 513 859 581 Advers.
887 516 964 582 LIX
987 541 1056 605 cap.
1080 523 1123 604 5).

102 604 160 669 Ab
186 604 299 670 eodem
318 601 455 668 Barthio
475 602 625 690 (Advers.
644 600 725 665 XIII
745 624 813 688 cap.
836 603 891 690 19)
914 608 1122 674 membranae

103 691 378 776 Oolbnienses,
407 713 487 777 quas
517 692 577 756 sub
605 686 770 756 Ludovico
798 691 857 758 Pio
887 695 1024 779 scriptas
1053 719 1123 763 esse

103 782 286 866 contendit,
306 781 489 866 laudantur,
508 781 565 845 sed
581 778 706 844 frustra
723 779 769 844 eis
786 782 888 865 potiri
906 785 1021 850 studui
1054 785 1086 851 N
1088 809 1123 852 ec

103 871 214 957 magis
238 869 320 935 mihi
344 869 497 954 contigit,
526 869 695 934 codicem
718 867 960 950 Fuldeusem,
984 895 1079 957 quem
1103 898 1123 940 a

103 958 253 1025 Zehnero
273 959 431 1024 collatum
450 979 521 1022 essa
535 956 716 1022 Reuschius
736 961 886 1043 testatur,
906 965 938 1026 et
953 962 1122 1028 codicem

103 1048 415 1133 Mersburgicum
456 1069 474 1111 a
506 1045 657 1111 Fabricio
695 1047 729 1110 in
766 1051 999 1115 commentario
1031 1050 1122 1118 Poet.

104 1134 370 1202 Christianorum
397 1157 421 1200 s.
444 1159 472 1201 v.
496 1134 624 1200 Debilis
648 1135 817 1200 laudatum
841 1140 1121 1222 comprehendere.

173 1225 347 1310 Reliquum
367 1227 426 1307 est,
446 1227 483 1288 ut
502 1223 652 1288 omnibus
671 1223 760 1307 viris,
779 1227 970 1308 praesertim
992 1228 1047 1314 eis,
1066 1232 1122 1313 qui

103 1313 324 1396 bibliothecis,
345 1334 425 1397 quas
444 1312 485 1377 ad
504 1311 630 1377 codices
648 1309 781 1377 quenci
798 1316 1049 1396 perscrutandos
1070 1341 1120 1384 me

105 1401 196 1466 adire
215 1401 370 1486 oportuit,
393 1404 557 1486 praesunt,
575 1399 698 1486 gratias
718 1422 815 1485 quam
836 1404 993 1469 maximas
1012 1427 1118 1492 agam.

104 1488 194 1555 Nam
227 1511 354 1572 omnes,
385 1489 577 1574 quibuscum
607 1489 678 1573 ipse
706 1491 856 1575 conveni,
889 1493 1120 1562 liberalissime

102 1579 296 1645 facultatem
319 1578 444 1644 codices
468 1578 554 1664 apud
577 1599 611 1643 se
635 1577 825 1644 adservatos
849 1581 979 1652 videndi
997 1585 1050 1649 vel
1069 1606 1120 1649 ex-

103 1668 256 1753 cerpendi
284 1667 365 1732 mihi
388 1667 559 1751 dederunt,
587 1667 688 1732 ceteri
710 1665 777 1733 fere
801 1691 923 1754 omnes,
946 1693 1027 1756 quos
1050 1696 1120 1757 pre·

102 1757 195 1822 cibus
220 1757 298 1833 adii,
323 1756 449 1822 codices
473 1778 493 1821 a
516 1777 568 1820 me
590 1759 725 1839 rogatos
749 1757 800 1821 vel
824 1758 867 1822 ad
890 1760 1119 1827 conferendum

104 1844 186 1910 mihi
210 1846 368 1910 miserunt
392 1845 443 1909 vel
467 1845 502 1909 in
524 1865 633 1909 meum
655 1865 751 1908 usum
770 1854 1008 1929 excerpserunt.
1045 1849 1119 1916 Plu-

103 1934 224 1998 rimum
244 1938 353 1998 autem
372 1932 617 1997 benevolentiae
637 1935 670 1995 et
688 1931 886 2018 benignitati
905 1938 1118 2022 magistratus

104 2022 183 2104 eius,
207 2023 265 2108 qui.
287 2021 399 2104 cultui,
422 2020 598 2086 eruditioni
620 2020 771 2105 publicae
794 2023 954 2108 rebusque
978 2027 1118 2094 medina·

103 2111 190 2176 libus
214 2113 358 2196 praeest,
385 2131 437 2175 me
463 2109 578 2174 debere
602 2109 711 2174 animo
735 2112 963 2178 venerabundo
987 2119 1020 2179 et
1043 2138 1117 2202 gra-

103 2199 231 2264 tissimo
251 2199 416 2264 confiteor.
455 2197 614 2264 Subsidiis
633 2198 720 2263 enim
739 2221 790 2264 me
809 2201 975 2286 instruxit,
999 2206 1117 2288 quibus

102 2289 174 2353 fieri
201 2288 322 2373 potuit,
350 2292 387 2352 ut
414 2287 540 2353 codices
563 2286 695 2353 quenci
719 2291 1032 2375 praestantissimos,
1062 2297 1118 2381 qui

103 2377 138 2442 in
161 2376 332 2442 Britannia
355 2377 577 2460 adservantur,
599 2378 798 2460 perscrutari
821 2400 962 2464 possem.

143 2533 1117 2624 DabamRegimontiBor.dieXVIIImens.Ianuariia.1886.

193 2671 195 2676 ¹
860 2693 897 2764 θ.
921 2695 1070 2768 llarold.

171 2869 272 2958 Signa
304 2873 448 2938 codicum
482 2877 627 2955 repetere
656 2874 785 2958 o'mitto,
814 2874 870 2938 sed
897 2875 959 2940 hoe
986 2881 1116 2944 tautum

104 2961 188 3044 dico,
216 2962 329 3026 littera
358 2960 384 3026 0
414 2961 539 3026 codices
570 2983 681 3027 omnes
708 2962 761 3026 vel
790 2966 914 3028 ceteros
943 2987 1054 3030 omnes
1083 2971 1116 3032 et

104 3049 260 3115 asterisco
277 3053 375 3114 notae
392 3050 510 3116 codicis
526 3049 675 3134 adposito
690 3071 821 3116 manum
836 3053 975 3135 primam
990 3053 1115 3118 duobus

104 3161 235 3203 manum
258 3137 451 3204 correctoris
475 3139 660 3224 significari.
