2532 4114
175 151 218 262 1³0
606 195 755 250 LIBERI.

172 343 375 428 Dispergunt
399 341 465 406 late
489 340 602 406 celeris
625 361 711 426 vaga
734 339 859 405 semina
880 339 996 406 famae.

173 430 331 495 Mirantes
355 429 503 513 laudant,
527 429 687 494 laetantes
711 429 973 513 constipuerunt,

173 519 291 586 Omnia
312 519 480 583 nocturnis
505 517 638 582 monitis
662 517 748 602 quod
770 538 847 581 vera
870 522 1048 582 recurrant.
1141 535 1196 585 180

218 607 354 672 Viderat
377 610 523 673 octavam
547 607 652 672 lucem
675 627 764 690 puer,
788 627 860 670 ecce
883 606 983 670 recidi

176 695 228 760 Ad
252 718 374 761 morem
397 696 480 782 legis
503 716 685 778 nomenque
710 700 823 780 aptare
846 715 976 759 necesse
1001 699 1059 760 est.

173 783 434 870 Impositumque
457 783 506 848 illi
529 787 592 866 est,
616 783 748 848 monitis
771 782 967 849 caelestibus
991 784 1070 848 olim

175 873 270 950 Quod
292 872 416 938 Mariae
438 895 501 938 vox
524 871 624 937 missa
646 871 717 936 Deo
740 873 918 957 praecepit,
941 870 1041 936 lesus.

218 959 400 1046 Scripserat
423 961 576 1045 antiquae
599 959 729 1044 Moyses
752 961 974 1027 moderamina
996 961 1093 1045 legis,
1137 978 1191 1028 185

172 1049 262 1115 Inter
286 1073 368 1135 quae
391 1050 515 1133 primos
538 1050 645 1134 prisco
669 1050 708 1113 de
732 1049 890 1134 sanguine
913 1053 1026 1115 vatum

173 1137 355 1204 Observare
378 1139 467 1203 dedit
489 1138 576 1203 fetus
600 1137 716 1202 offerre
740 1137 929 1220 sacrandos,

171 1227 414 1313 Implumesque
438 1227 536 1293 simul
558 1225 642 1292 ferre
667 1227 707 1290 ad
730 1227 865 1292 delubra
888 1227 1066 1292 columbas.

172 1316 262 1382 Haec
285 1317 342 1381 ubi
364 1339 423 1401 per
445 1316 583 1381 Mariam
606 1317 728 1398 templo
753 1321 883 1380 servata
906 1315 1063 1398 feruntur,

171 1405 256 1470 Ecce
281 1427 378 1468 senex
402 1403 534 1468 Simeon
557 1403 674 1487 dignus
699 1403 929 1488 comprendere
953 1427 1049 1469 sensu
1136 1421 1192 1470 190
1253 1463 1254 1488 ,

172 1491 337 1558 Caelestes
361 1512 469 1574 voces,
493 1491 545 1556 cui
568 1491 730 1575 quondam
753 1492 899 1574 praescia
921 1514 1031 1556 rerum
1253 1491 1254 1564 1

170 1580 285 1645 Virtus
308 1579 509 1662 prodiderat,
532 1578 619 1662 quod
644 1598 771 1642 carcere
795 1579 940 1662 corporis
965 1581 1056 1665 aegri

171 1668 330 1752 Deposito
354 1671 494 1733 mortem
517 1667 600 1731 liber
622 1666 830 1750 requiemque
852 1666 989 1749 videret,

172 1755 253 1822 Cum
276 1756 418 1842 primum
442 1755 524 1821 caeli
546 1754 672 1821 laudem
694 1758 864 1838 terraeque
888 1755 1041 1837 salutem,
1069 1827 1072 1836 ,

171 1844 289 1911 Omnia
313 1867 409 1929 quem
432 1848 545 1910 vatum
568 1843 728 1928 spondent
752 1843 883 1908 oracula
906 1842 1088 1926 Christum,
1137 1863 1193 1914 195

84 1989 87 2002 .
172 1933 319 2000 Vidisset
342 1935 466 2019 templo
490 1933 663 1998 sollemnes
685 1932 771 1996 ferre
793 1932 974 2016 palumbae.

172 2022 271 2106 Isque
294 2023 351 2086 ubi
375 2025 508 2087 curvato
533 2021 677 2086 defessus
702 2041 836 2103 corpore
859 2021 1019 2105 templum

172 2111 244 2175 lam
267 2110 399 2194 gravior
421 2112 584 2194 penetrat,
607 2109 734 2174 monuit
757 2109 843 2193 quod
867 2110 1001 2192 spiritus
1025 2113 1153 2195 auctor,

171 2199 256 2265 Ecce
280 2199 378 2263 simul
400 2221 538 2282 parvum
562 2196 687 2282 gremio
711 2197 883 2282 genetricis
906 2196 1013 2262 Iesum

169 2287 224 2352 ‘Ad
247 2287 408 2371 templum
432 2288 533 2352 sensit
556 2286 696 2370 venisse,
719 2285 935 2350 trementibus
958 2287 1045 2351 ulnis
1134 2304 1190 2355 200

170 2375 308 2461 Accepit
330 2396 467 2459 puerum
490 2375 661 2458 laetusque
684 2374 764 2439 haec
788 2373 874 2438 dieta
897 2372 1059 2458 profatur:

167 2464 300 2548 „Nunc,
323 2485 409 2528 nunc
430 2485 481 2528 me
505 2462 663 2528 famulum
681 2461 841 2528 Dominus
859 2485 945 2528 nunc
965 2464 1083 2529 liberat
1103 2467 1188 2530 atris

171 2552 325 2638 Corporis
348 2575 366 2617 e
389 2551 506 2618 vinclis
529 2552 692 2636 finemque
715 2551 870 2636 inponere
893 2553 1001 2617 verbis

50 2687 54 2696 -
171 2640 337 2728 Dignatur
360 2663 432 2706 cum
456 2662 535 2725 pace
558 2640 634 2705 suis.
680 2640 734 2705 En
757 2640 924 2722 splendida
947 2646 1077 2706 nostros

171 2729 242 2794 Lux
266 2730 375 2795 oeulos
399 2733 456 2795 tua
479 2729 669 2794 circumstat
691 2727 856 2812 radiisque
879 2729 1019 2814 renidet,
1133 2745 1187 2797 205

172 2817 276 2894 Quam
300 2818 424 2882 cunctis
447 2818 618 2884 hominum
641 2817 790 2882 lustratis
814 2817 968 2903 gentibus
992 2817 1082 2882 addit

104 2951 107 2958 1
170 2905 418 2970 Israhelitarum
443 2907 627 2971 cumulatae
651 2906 758 2992 gloria
780 2905 896 2991 plebis.

170 2993 254 3070 Quid
277 2997 407 3059 tantum
430 2994 552 3059 Mariae
577 2998 772 3078 stupuerunt
794 2998 929 3078 pectora
952 2994 1088 3058 matris?
1253 3013 1254 3058 1

171 3082 234 3149 Hic
257 3104 338 3167 puer
362 3083 403 3148 ad
426 3105 538 3148 casum
560 3083 674 3168 populi
698 3083 806 3166 datur,
829 3083 893 3146 iste
916 3083 1042 3148 renasci
1253 3077 1254 3170 1

241 3251 293 3312 180
311 3233 459 3312 recurrint
478 3257 516 3312 M
538 3259 547 3326 11
575 3262 627 3312 185
646 3257 749 3312 Moises
769 3257 811 3324 0¹,
830 3256 940 3324 Moyses
968 3259 978 3326 11
1008 3262 1058 3312 186
1096 3256 1184 3314 rimus

170 3327 205 3382 0¹
220 3331 224 3398 1
240 3329 339 3383 natum
358 3328 392 3382 01
413 3331 423 3398 11
448 3334 498 3382 196
518 3329 657 3384 solemnes
677 3327 731 3392 0¹!
752 3327 900 3397 palumbae
921 3327 954 3381 0¹
977 3330 987 3396 11
1010 3331 1062 3381 202
1077 3275 1186 3384 liberat
1253 3297 1254 3370 l

170 3400 243 3454 Mat.
263 3397 300 3464 R,
318 3399 420 3454 liberet
436 3403 440 3466 1
456 3398 525 3454 atris
546 3399 683 3454 01MR**
702 3397 757 3467 (11*
776 3397 870 3464 arctis)
889 3400 898 3468 1Ι
917 3404 971 3452 204
989 3397 1130 3468 Dignatur
1151 3401 1186 3456 0¹

170 3470 252 3534 Mat,
272 3470 404 3538 dignetur
417 3472 427 3538 11
440 3475 492 3524 205
511 3470 622 3524 renidet
643 3469 871 3524 M*Mut.**1t**
889 3469 1105 3542 (111.ιᾶ.Ηο00101,
1113 3469 1187 3528 ch

169 3555 218 3594 cer
237 3539 316 3595 Stoa.
336 3541 379 3594 ΙΙ
395 3543 473 3609 112),
492 3537 596 3595 renitet
615 3539 878 3596 0¹R*M**Mar.*
