2532 4114
464 227 499 282 V.
518 231 668 282 334-394.

48 370 143 455 „Qui
167 371 279 455 sponsi
302 371 398 436 laetis
422 370 619 438 comitantur
642 374 718 436 vota
742 371 882 451 choreis,

49 460 132 526 Non
155 463 326 542 praesente
348 459 407 524 illo
430 459 552 524 ieiunia
574 459 686 524 tristia
708 462 851 542 portant.

48 549 188 632 Iamque
212 547 280 612 dies
304 547 422 632 aderit,
445 569 518 614 cum
542 569 680 631 sponsus
703 549 832 612 turbine
857 547 954 613 saecli

49 638 82 703 E
111 637 217 701 medio
242 637 398 702 comitum
422 637 580 720 rapietur:
604 637 757 701 tristibus
781 636 830 700 illi

53 725 272 811 Spondebunt
295 726 421 790 animos
444 725 587 790 lacrimis
610 725 746 790 horrore
770 725 925 790 ciborum.
1019 739 1071 789 370

51 816 162 892 Quam
186 814 324 878 stultum
348 814 411 897 est,
433 814 568 878 rudibus
589 817 719 878 veteres
743 815 914 878 subtexere
937 833 1062 896 pannos

50 902 228 986 Vestibus,
252 906 290 968 ut
311 903 418 987 turpis
441 902 532 986 peius
558 903 698 968 scissura
720 901 889 986 patescat?

51 992 127 1059 Aut
150 991 280 1056 utribus
304 991 445 1056 calidum
468 991 557 1056 tritis
581 991 784 1056 committere
808 993 966 1068 mustum,

55 1079 140 1156 Quis
163 1081 269 1166 ruptis
293 1083 399 1145 totum
425 1073 570 1164 sequitur
594 1079 778 1164 disperdere
800 1079 936 1144 vinum?

55 1168 123 1235 Sed
147 1167 282 1233 rudibus
305 1173 430 1234 rectum
448 1172 504 1233 est
527 1167 655 1233 utribus
679 1167 866 1251 spumantia
890 1169 998 1231 musta
1021 1180 1072 1230 370

55 1256 221 1324 Condere:
245 1257 292 1321 sic
315 1257 427 1321 vinum
451 1260 646 1322 conservant
668 1254 768 1320 fortia
790 1256 895 1320 vasa.“

104 1345 199 1410 Talia
221 1344 379 1410 tractanti
402 1365 574 1429 percussus
597 1347 730 1427 pectora
752 1344 842 1409 luctu

53 1435 143 1500 Ecce
168 1433 372 1500 sacerdotum
394 1433 544 1518 princeps
568 1433 753 1516 procumbit
775 1431 914 1497 adorans

56 1523 108 1588 Et
132 1522 196 1588 sibi
220 1521 405 1587 defunctam
427 1557 465 1568 —
487 1521 584 1586 funus
608 1521 793 1586 miserabile
816 1555 854 1568 -
873 1524 984 1585 natam

53 1611 221 1695 Implorat
244 1611 433 1695 lacrimans,
457 1614 643 1694 certamque
666 1611 775 1676 venire
799 1611 938 1690 salutem
1021 1624 1073 1673 330

53 1699 231 1766 Detunetis
256 1701 354 1764 etiam
377 1700 534 1783 poscebat
557 1721 692 1764 munera
716 1698 848 1765 Christi.

8 1861 9 1864 Ἴ
53 1787 151 1854 Haut
174 1809 280 1872 mora,
303 1809 503 1874 consurgens
527 1787 676 1874 graditur
699 1792 847 1852 servator
868 1785 971 1850 Iesus.

53 1876 230 1962 Progressi
253 1878 369 1942 mulier
392 1877 539 1962 sequitur
561 1876 702 1960 vestigia
724 1896 870 1954 servans,

56 1965 166 2042 Quam
189 1966 344 2048 languore
368 1964 460 2050 gravi
483 1965 534 2028 bis
558 1985 614 2029 sex
637 1963 824 2028 labentibus
849 1961 941 2026 annis

56 2052 228 2137 Carpebat
248 2053 354 2118 fluxus
378 2074 546 2118 macerans
571 2053 640 2117 sine
662 2053 727 2117 fine
751 2052 873 2118 cruoris
1022 2065 1073 2116 333

56 2141 196 2206 Viribus
221 2141 404 2225 absumptis
428 2145 461 2206 ct
484 2145 556 2206 toto
580 2163 716 2225 corpore
738 2140 870 2206 fessam.

8 2267 13 2308 p
55 2230 208 2295 Pectoris
231 2231 312 2296 haec
335 2230 471 2295 tacitam
495 2230 650 2295 volvebat
672 2229 804 2295 credula
827 2231 969 2294 mentem

55 2319 190 2386 Arcano
215 2337 387 2404 secumque
411 2319 473 2383 fide
496 2318 563 2383 ianr
586 2322 674 2384 certa
697 2319 844 2396 tenebat,

8 2483 9 2492 ἵ
58 2408 221 2472 Actutum
244 2408 331 2472 fesso
355 2408 486 2492 fugeret
510 2407 595 2492 quod
619 2427 754 2491 corpore
777 2407 884 2490 tabes,
1134 2472 1144 2489 ,

57 2496 253 2562 Extremam
277 2494 400 2561 Christi
423 2501 534 2579 posset
557 2496 585 2561 si
608 2501 743 2582 tangere
766 2500 899 2560 vestem.
960 2527 962 2530 ·
1021 2509 1073 2560 300

57 2584 153 2651 Haec
176 2585 232 2649 ubi
254 2605 313 2671 per
335 2585 492 2668 populum
516 2586 635 2650 summi
657 2583 832 2670 pendentia
854 2582 943 2668 pepli

57 2673 135 2738 Fila
157 2696 256 2738 manu
278 2673 408 2756 trepida
430 2676 598 2758 tractavit,
621 2673 770 2758 protinus
794 2673 849 2736 ille

57 2762 107 2828 Et
130 2784 244 2827 causas
267 2762 374 2826 morbi
397 2765 432 2826 et
454 2763 618 2827 credentia
640 2765 774 2845 pectora
797 2780 932 2824 cernens

60 2849 233 2916 Concessit
256 2851 392 2917 celerem
416 2851 478 2915 tali
501 2873 574 2917 cum
597 2871 676 2915 voce
698 2849 849 2914 salutem:

129 3013 195 3075 post
213 3013 277 3062 3⁷0:
305 3007 453 3077 Languida
475 3005 636 3076 concipient
658 3005 759 3060 animis
782 3005 888 3060 ieiunia
910 3005 1011 3060 flentes
1031 3006 1073 3074 0¹,

58 3082 94 3135 ia
112 3080 236 3149 marciae
254 3079 410 3148 adreptus
428 3078 470 3146 M,
489 3083 553 3134 acte
571 3082 626 3133 370
650 3077 768 3144 V¹Mat,
786 3093 852 3132 cers.
871 3078 986 3148 spurius
1003 3077 1078 3130 solae

60 3153 180 3222 311372
199 3149 290 3219 ruptis
309 3149 426 3217 matos
450 3149 576 3218 utrisque
595 3148 634 3202 M
648 3149 691 3217 (ia
708 3165 794 3218 scarp.
813 3149 913 3218 turpis)
931 3151 934 3216 Ι
971 3147 1029 3202 eior
1043 3146 1082 3200 M

59 3227 113 3294 R*‚
141 3224 222 3296 peius
241 3220 276 3275 0¹
285 3219 344 3274 12⁸*
363 3219 417 3274 dia
435 3237 487 3276 scr.
507 3223 539 3274 ia
557 3219 616 3288 ΜΙ
637 3219 923 3288 ‘patescat‘notetur‘
995 3219 1075 3298 7377

58 3290 587 3440 {attestati-trumba
601 3305 745 3415 asts:
758 3289 1078 3424 tatttfflettt

59 3441 114 3496 sic:
134 3435 276 3506 Carpebat
289 3434 401 3488 soluens
413 3433 524 3488 morbos
536 3433 646 3501 pallore
657 3429 764 3488 virente
776 3428 908 3483 sViribus
921 3423 1077 3504 absumptis

62 3513 93 3566 et
116 3514 147 3565 to
171 3521 287 3576 corpore
310 3504 383 3560 fessa
399 3520 409 3560 s
424 3503 560 3572 Viscerib;
585 3502 666 3558 siccis
690 3501 765 3556 fluxu
789 3499 849 3554 sine
872 3499 926 3551 fine
945 3509 1077 3550 oruonss

59 3581 187 3638 Pectoris
206 3585 253 3635 etc.
