2484 4114
478 1023 636 1101 LIBER
667 1021 923 1116 QUARTUS.

239 1304 334 1370 Talia
357 1304 516 1370 dicentem
540 1304 710 1370 confestim
732 1303 834 1370 factio
858 1303 1009 1368 trendens

196 1392 370 1478 Temptare
394 1393 582 1479 adgreditur
605 1393 713 1458 verbis
737 1415 820 1458 eum·
833 1392 946 1457 fraude
970 1391 1143 1478 malignis:

194 1481 348 1566 „Certum
371 1487 435 1565 est,
458 1482 635 1547 veridicum
659 1485 691 1546 te
714 1504 800 1547 nunc
823 1481 952 1546 venisse
974 1483 1188 1566 magistrum,

195 1569 264 1635 Nec
288 1591 481 1654 quemquam
505 1575 653 1634 metuens
677 1569 810 1636 Domini
832 1569 973 1655 vestigia
996 1590 1120 1635 servas.

194 1657 257 1723 Dio
280 1678 371 1743 ergo,
396 1680 438 1724 an
460 1658 559 1724 liceat
580 1661 712 1725 nostrae
736 1659 912 1724 dissolvere
936 1658 1028 1745 genti
1197 1675 1209 1720 s

196 1745 345 1812 Caesaris
369 1747 516 1834 urgentis
541 1768 669 1834 semper
692 1749 751 1814 sub
776 1748 848 1833 lege
871 1745 1079 1812 tributum?“

195 1836 258 1901 ille
282 1836 339 1900 sed
361 1836 537 1920 inspiciens
562 1838 650 1902 saevi
673 1835 856 1922 penetralia
879 1835 999 1901 cordis:
1220 1911 1221 1920 ἵ

194 1925 279 2008 „Gur
302 1925 487 2010 temptatis,
511 1926 570 2010 ait,
593 1947 679 1991 nunc
702 1947 753 1990 me
777 1925 967 1991 concludere
991 1923 1115 2006 verbis,
1220 1931 1221 1964 v

197 2013 367 2079 Fallaces?
390 2015 511 2079 mentis
534 2015 645 2098 prodit
666 2014 797 2078 fallacia
819 2012 970 2079 fructum.

196 2101 352 2186 Inspicite
375 2101 410 2166 in
431 2124 600 2168 nummum
624 2103 807 2188 sculptique
830 2100 1036 2167 nomismatis
1060 2123 1154 2180 aera,
1183 2077 1221 2165 rol

197 2188 348 2255 Caesaris
372 2213 559 2276 expressum
581 2191 675 2257 facile
700 2195 749 2256 est
772 2190 828 2256 nbi
852 2212 981 2257 cernere
1003 2191 1144 2256 vultum,

197 2276 322 2344 Solvite
289 2283 429 2345 tnunc
452 2281 502 2344 illi
524 2281 657 2382 propria
680 2281 740 2344 snb
764 2280 837 2366 lege
862 2280 1035 2362 tributum,

197 2367 308 2452 Atque
331 2366 400 2434 Deo
424 2370 593 2453 proprium
616 2368 700 2454 legis
725 2390 890 2433 servemus
913 2366 1101 2434 bonoremf‘

240 2456 322 2522 Post
346 2455 524 2522 Sadducaei
546 2457 623 2522 hinc
645 2457 720 2522 inde
743 2457 917 2522 latratibus
941 2460 1074 2544 urgent:

196 2543 368 2630 „Moysea,
392 2546 447 2631 qui
470 2546 581 2630 legum
604 2546 717 2631 posuit
737 2549 891 2631 praecept
893 2569 926 2629 a,
948 2546 1074 2631 iubere,
1186 2560 1211 2610 ιι

198 2633 233 2698 Si
257 2635 330 2719 quis
353 2633 528 2700 conubium
551 2639 728 2721 properata
751 2637 858 2700 morte
881 2634 1055 2719 relinquet,

196 2721 394 2808 Pignoribus
418 2725 532 2790 mediis
555 2724 700 2790 nondum
724 2725 762 2789 de
787 2724 932 2808 germine
956 2723 1067 2802 cretis,

197 2809 303 2876 Huius
327 2833 482 2897 germano
506 2835 618 2879 rursus
643 2812 797 2878 sociabile
821 2811 963 2878 vinclum

196 2898 331 2984 Deberi,
356 2903 490 3055 generis
507 2906 620 3005 pereat
642 2924 682 2966 ne
705 2901 813 2986 portio
838 2901 931 2986 lapsi.

199 2986 367 3053 Finibus
358 3011 393 3053 m
415 2994 490 3055 nost
491 2993 536 3056 ris
561 2994 686 3075 septem
710 3012 866 3076 germana
888 2989 1020 3055 fuerunt
1184 3006 1212 3055 so

199 3074 359 3162 Corpora3
382 3079 438 3142 sed
461 3080 567 3145 maior
588 3080 713 3164 primus
737 3101 814 3144 mox
836 3077 967 3144 vincula
989 3081 1114 3161 nuptae
1220 3069 1221 3148 l

199 3163 360 3251 Sumpsit
383 3167 560 3251 praeceleri
583 3168 698 3232 cecidit
721 3167 781 3232 sub
806 3167 953 3232 acumine
976 3166 1104 3232 mortis.
1220 3171 1221 3260 q

198 3253 280 3320 Post
303 3216 387 3321 aliirs
410 3255 549 3322 fratert
535 3255 690 3320 thalamis
714 3257 784 3320 sine
807 3255 894 3321 fruct
894 3255 967 3320 ibus
991 3255 1097 3320 isdem
1220 3287 1221 3326 3

269 3429 452 3485 4metnis-
464 3445 579 3484 servans
598 3429 665 3484 MR
688 3430 805 3500 (servas)
831 3432 842 3500 l
869 3429 1026 3485 9Fallacis
1046 3430 1122 3487 MR
1149 3435 1159 3502 l
1189 3419 1221 3500 11}

199 3499 283 3552 facile
310 3499 480 3554 0¹M*V¹n
487 3501 674 3570 ,promptum
701 3503 710 3570 [Ι
739 3507 772 3556 16
791 3500 943 3558 conubium
963 3499 1005 3555 0¹·
1013 3500 1106 3572 ³Sps
1127 3503 1215 3559 conin-

203 3566 280 3636 gium
293 3571 303 3638 ss
318 3576 350 3625 17
370 3570 475 3626 semine
487 3542 533 3625 Μ
