2484 4114
462 173 495 228 V.
517 178 665 230 lca-241.

44 317 218 383 Instruere
243 320 276 381 et
298 316 447 384 flammas
470 318 585 403 pingui
608 341 800 404 componere
824 318 920 385 olivo.

47 407 137 471 Tum
162 405 300 470 stolidae
323 407 471 490 rogitant
495 408 557 472 olei
581 407 644 474 sibi
666 407 778 474 cedere
800 412 942 493 partem,

44 495 233 560 Prudente·
258 516 365 560 secum
389 495 475 580 quod
497 499 575 561 tunc
598 497 728 582 ‘gestare
751 496 915 562 videbant.

47 582 116 648 Sed
140 582 294 671 quoniam
318 583 446 668 sapiens
469 585 596 669 pavitat
619 584 750 678 ehqrus‚
774 585 923 651 omuibus
947 606 1048 669 aeque

45 673 81 737 N
83 693 101 736 e
127 672 234 737 desint
257 673 363 737 clarae
386 672 566 738 nutrimina
587 673 724 758 pinguia
746 673 910 758 flammae,
959 711 966 726 ·
1013 689 1067 739 ιιι

46 760 102 824 Ex
126 783 228 845 parvo
252 761 394 846 aequalis
419 762 448 826 si
471 761 565 826 detur
586 763 694 846 portio
719 763 858 846 cunctis,

47 850 137 914 Tum
158 853 302 936 pergunt
316 851 460 934 stultae,
482 850 641 935 liquidum
664 854 848 916 mercentur
872 850 1005 928 olivum

46 937 141 1002 Dum
163 941 319 1024 pergunt,
342 939 449 1004 laetae
471 942 697 1004 transcurrunt
721 939 830 1005 omnia
852 961 991 1024 pompae

46 1026 96 1092 Et
121 1048 241 1110 sponso
265 1030 393 1092 tantum
417 1027 593 1093 comitatur
615 1027 716 1094 factio
739 1029 889 1114 prudens.

46 1115 242 1180 Adveniunt
264 1116 379 1182 brutae
403 1137 475 1182 sero
499 1119 744 1201 post'tempore
768 1138 883 1202 segnes
1015 1132 1067 1182 220

47 1203 98 1269 Et
122 1204 236 1288 sponsi
258 1203 389 1287 pulsare
412 1203 499 1270 fores
523 1208 555 1268 st
578 1205 693 1273 limina
716 1205 827 1270 clausa

46 1291 258 1377 Nequiquam
268 1291 473 1376 ingeminant
482 1293 697 1379 precibusque
706 1295 839 1379 ingrata
847 1293 1067 1379 frequentant,

47 1381 99 1446 Ut
122 1380 221 1445 liccat
243 1380 372 1448 miseris
395 1385 566 1466 penetrare
588 1381 623 1447 in
646 1382 762 1447 limina
784 1383 880 1447 laeta.

46 1469 134 1535 Illas
158 1490 225 1534 non
247 1469 403 1536 comitum
428 1470 540 1554 sponsi
563 1491 756 1555 cognoscere
780 1470 951 1556 quisquam

47 1556 130 1623 Non
152 1557 384 1642 ipse.sponsus
407 1558 520 1624 voluit.
557 1558 704 1645 Vigilate
726 1559 893 1644 timentes,
1015 1575 1066 1626 225

47 1647 223 1711 Adventus
246 1647 339 1712 vobis
363 1646 449 1731 quod
471 1669 536 1718 uon
560 1651 610 1712 est
634 1648 752 1716 certior
775 1647 885 1714 hora.“

95 1732 210 1820 „Sicut
233 1735 332 1816 enim,
355 1736 470 1821 longas
495 1736 546 1800 oui
570 1736 709 1820 contigit
732 1737 779 1800 ire
802 1734 949 1820 profecto

47 1823 91 1888 In
113 1827 234 1908 terres,
257 1823 389 1888 credens
413 1825 514 1889 servis
537 1823 713 1890 tractanda·
730 1823 856 1888 talenta

48 1911 118 1978 Uni
142 1911 281 1996 quinque
305 1913 407 1995 dedit,
432 1912 494 1978 duo
519 1912 604 1996 cepit
628 1915 661 1978 et
684 1912 767 1978 alter
789 1911 950 1996 habende,

48 1999 183 2065 Tertius
206 2000 302 2066 unius
326 2022 436 2065 curam
460 2004 601 2066 tractare
624 2001 741 2065 talenti
1014 2015 1066 2066 230

49 2087 216 2172 Suscepit,
237 2089 323 2154 vires
347 2089 501 2173 quoniam
525 2089 651 2154 diversa
674 2091 847 2154 merentur.
1069 2095 1072 2102 ’

50 2177 117 2243 Sed
139 2178 245 2242 maior
268 2177 340 2262 quis
364 2180 415 2242 est
438 2178 624 2243 concredita
646 2178 754 2262 portio
778 2177 917 2263 nummi,

21 2265 212 2332 ,Certatim
236 2265 344 2350 duplis
368 2269 527 2331 auxerunt
549 2265 767 2332 incrementis.

47 2356 111 2420 Ille
136 2354 205 2438 sed,
228 2354 323 2419 unius
347 2355 400 2420 cui
422 2355 545 2421 credita
568 2377 644 2420 cura
667 2355 799 2438 talenti,

49 2443 179 2509 Telluri
201 2441 363 2508 infodiens
387 2447 496 2509 servat
519 2443 588 2509 sine
611 2443 770 2510 fructibus
795 2465 879 2508 aera.
1014 2458 1066 2508 235

46 2534 186 2616 Iamque
210 2532 322 2596 aderat
339 2553 492 2616 praesens
513 2531 676 2598 dominus:
698 2538 769 2598 tum
786 2531 911 2616 primus
931 2533 964 2596 et
982 2531 1068 2598 alter

48 2622 92 2688 Se
118 2620 301 2706 geminasse
324 2621 376 2685 illi
397 2621 521 2705 pariter
544 2621 729 2696 concredita
752 2617 945 2694 monstrant.

47 2710 134 2776 Illos
157 2709 270 2774 laudat
291 2709 389 2774 herus
411 2711 605 2794 potioraque
629 2710 757 2776 credere
780 2712 892 2774 tantae

48 2796 225 2865 Promittit
247 2797 332 2862 fidei.
370 2795 434 2864 Sed
456 2797 572 2864 tertius
595 2797 652 2862 ille
675 2797 794 2868 refodit
973 2863 975 2868 .

47 2889 97 2954 Et
121 2884 252 2950 domino
274 2886 381 2952 reddit
404 2886 465 2952 tali
488 2910 562 2952 cum
585 2908 663 2952 voce
686 2886 859 2952 talentum:
1013 2903 1066 2954 240

49 2975 147 3054 Quod
171 2975 293 3039 scibam
317 2975 448 3041 domino
472 2978 594 3044 memet
617 2975 737 3040 servire
761 2996 888 3059 severo,

122 3099 174 3150 212
194 3111 303 3150 sumere
322 3096 478 3166 3111112Ιὸ
497 3113 600 3166 parvae
619 3096 691 3150 ΒΜ
703 3098 712 3167 [Ι
727 3102 778 3151 219
798 3113 931 3167 sponsum
949 3097 977 3152 R
990 3099 999 3168 u
1013 3102 1069 3151 222v

48 3166 250 3236 Nequigquem
270 3166 345 3236 0¹13,
364 3168 544 3238 Nequiquam
564 3168 602 3222 M
619 3167 630 3236 u
652 3172 705 3222 230
725 3169 836 3222 Tertius
855 3167 985 3222 etunius
1005 3167 1040 3221 0¹
1057 3167 1067 3239 d

47 3245 103 3296 233
127 3238 212 3306 inque
236 3239 385 3294 crementis
407 3239 437 3294 R
461 3239 501 3307 (in
511 3237 578 3364 sqq
589 3238 739 3294 crementis
764 3239 813 3308 M)
832 3238 929 3292 ΑΚΒ
939 3237 992 3306 Mp
1006 3237 1066 3292 Met

47 3307 139 3376 Add¹,
156 3325 274 3363 munera
292 3310 373 3364 donis
391 3308 539 3365 LMat0⁹
578 3327 620 3378 ar,
639 3310 694 3365 div.
713 3326 765 3364 scr.
783 3311 816 3363 a'a
834 3310 862 3364 B
876 3311 951 3389 [1235
971 3307 1068 3362 condit

48 3383 88 3438 M
91 3379 138 3448 θ’,
157 3396 269 3436 servans
288 3380 316 3434 R
326 3381 393 3436 Mat
403 3381 442 3452 Sp
455 3383 464 3452 ΙΙ
477 3385 530 3450 241
550 3379 674 3436 sciebam
692 3380 731 3434 M
736 3377 824 3448 Aac,
843 3377 968 3442 sei{bem
984 3377 1067 3447 TSp,

49 3452 158 3508 scibam
175 3451 210 3504 K
212 3451 301 3519 Adon
320 3452 421 3506 scirem
440 3453 451 3578 q

48 3524 127 3595 apud
144 3521 282 3593 Keilium,
302 3521 423 3580 Gramen.
450 3528 499 3579 att.
523 3522 571 3580 VI
584 3539 613 3592 p.
625 3526 694 3608 386,
707 3521 758 3589 29)

451 3453 533 3508 etiam
551 3453 583 3507 ia
600 3457 702 3522 quaest.
720 3466 834 3522 promea.
853 3449 910 3505 cod.
930 3448 1015 3502 Bora.
1029 3449 1069 3503 83
1191 3495 1194 3501 .
