2484 4114
454 267 487 325 V.
507 273 657 325 643-709.

4 471 6 478 .
36 417 231 493 Quaeratur
253 417 399 481 veterum
423 415 618 499 scriptorum
642 413 740 478 lectio
763 411 871 498 vobis,

33 505 241 589 Perpetuam
264 505 389 570 cunctis
412 505 516 569 vitam
540 525 636 587 quem
658 501 743 566 ferre
766 502 900 586 putatis.

34 594 136 659 Haec
158 594 258 658 etiam
280 597 431 658 nostrum
453 595 595 656 testatur
617 591 715 656 lectio
740 589 868 655 donum.

35 681 112 748 Nec
137 685 248 747 tamen
271 681 396 746 audetis
420 681 554 766 propius
577 679 755 745 consistere
777 679 886 764 nobis,

32 770 88 835 Ne
115 791 213 835 verae
235 771 330 835 vobis
353 769 524 854 continget
546 769 656 854 gratie
678 768 775 833 ritae.
1007 785 1059 836 666
1107 813 1109 818 -

32 858 117 924 Non
141 859 221 923 mihi
244 862 397 943 captatur
419 861 567 922 terrenae
591 856 700 942 gloria
720 854 835 921 laudis.

31 948 193 1032 Namque
216 967 278 1032 ego
302 946 389 1030 quod
413 946 531 1011 summi
555 945 723 1030 genitoris.
734 945 866 1010 nomine
889 945 977 1030 reni,

33 1036 221 1122 Respuitur
243 1036 352 1119 vobis,
375 1035 486 1100 reniet
510 1034 565 1099 sed
590 1033 720 1100 decolor
743 1034 837 1119 alter,

32 1123 183 1189 Nomine
206 1145 303 1208 quem
326 1124 447 1188 fultum
470 1123 606 1208 proprio
628 1143 708 1209 gens
731 1126 841 1187 vestre
864 1127 1026 1208 sequetur.

32 1215 198 1278 Alternee
220 1215 255 1276 in
277 1213 371 1278 vobis
395 1214 547 1297 captatur
570 1211 676 1298 gloria
698 1210 819 1292 famae,
1006 1227 1058 1277 666

34 1300 146 1366 Unius
171 1304 204 1366 et
228 1301 332 1366 solam
356 1300 472 1386 fugitis
497 1299 675 1384 disquirere
698 1299 838 1363 leudem.

32 1389 106 1455 Nec
131 1411 190 1455 ros
214 1390 376 1475 arguerim
400 1409 510 1453 coram
535 1387 696 1474 genitore,
720 1388 774 1452 sed
798 1386 866 1452 illic
1038 1459 1040 1463 ,

34 1479 222 1544 Accusator
246 1479 322 1562 erit,
346 1499 440 1563 quem
465 1497 539 1562 spes
564 1475 659 1542 modo
683 1479 792 1541 vestra
815 1475 971 1561 celebrat,

32 1565 185 1651 Moyses,
209 1587 305 1650 quem
328 1567 403 1630 fidei
424 1568 516 1630 nullo
540 1565 696 1631 servastis
720 1564 852 1630 honore.

33 1653 119 1721 Eius
143 1655 230 1720 enim
254 1655 384 1740 scriptis
407 1659 517 1720 uerter
540 1655 569 1719 si
592 1654 737 1720 crederet
761 1674 862 1737 error,
1004 1671 1056 1721 699

34 1741 194 1808 Crederet
218 1747 251 1809 et
273 1743 382 1828 nobis,
405 1743 513 1828 Moysi
536 1765 632 1827 quem
657 1743 779 1826 scripta
801 1742 1040 1827 frequentant.“

80 1831 179 1898 Talia
201 1837 271 1898 tum
296 1835 411 1897 contra
434 1831 616 1896 scribarum
638 1831 740 1895 rerba
763 1834 958 1914 sequuntur:

32 1919 203 2003 „Vocibus
216 1920 412 1986 indubitate
434 1921 514 1984 fides
539 1917 749 1985 comitabitur
771 1917 857 2002 istis,

35 2006 71 2072 si
95 2009 205 2074 virtus
228 2009 326 2074 certis
349 2010 458 2074 firmet
481 2007 638 2072 miracula
662 2005 794 2092 signis.“

34 2094 98 2162 Ille
124 2098 254 2163 debinc:
277 2097 436 2181 „Polluta
458 2096 555 2161 melis
580 2094 749 2182 generatio
773 2094 902 2179 quaerit
1006 2113 1057 2162 696

24 2183 141 2270 'Signa
165 2186 242 2270 sibi3
264 2187 362 2251 rebus
387 2186 522 2250 stabunt
546 2184 601 2250 sed
626 2184 721 2270 signe
743 2183 873 2249 futuris.

33 2271 189 2360 Namque
212 2276 373 2360 prophete
397 2296 476 2340 cavo
501 2278 669 2358 quantum·
683 2273 743 2337 sub
767 2275 897 2358 pectore
921 2275 984 2338 ceti

35 2360 212 2448 Temporis
236 2363 431 2448 absumpsit,
455 2367 561 2428 terrae
585 2363 619 2426 in
642 2361 866 2448 penetralibus
890 2361 967 2426 altis

34 2449 215 2538 Progenies
239 2453 381 2517 hominis
405 2456 534 2517 tantum
559 2451 706 2516 demersa
729 2450 884 2515 manebit.

34 2538 201 2606 Adueniet
223 2544 366 2625 tempus,
390 2563 461 2606 cum
486 2545 599 2626 surget
621 2539 748 2605 reddita
770 2539 859 2605 vitoe
1004 2555 1055 2606 700

36 2625 125 2694 Gens
150 2629 321 2694 hominum
342 2630 484 2714 propriis
507 2629 543 2695 in
565 2629 678 2694 fletum
702 2627 812 2694 dedita
836 2626 947 2712 gestis.

33 2713 126 2783 Haec
150 2717 250 2784 istam
274 2719 373 2804 digno
398 2719 568 2785 damnabit
591 2717 725 2782 crimine
750 2719 893 2802 gentem,

35 2802 132 2880 Quod
155 2807 256 2872 maris
279 2829 297 2872 e
318 2805 420 2872 fundo
445 2805 609 2892 surgentis
633 2827 713 2872 voce
735 2803 915 2890 prophetae

34 2889 245 2961 Commonita
268 2895 303 2959 in
326 2895 478 2960 lacrimas
501 2894 681 2960 Dominum
703 2894 851 2979 proiecta
873 2893 1009 2960 reflexit.

34 2979 98 3048 Hic
122 2988 156 3049 et
178 2982 308 3048 Ionaeis
331 2983 466 3048 monitis
489 2984 620 3066 potiora
642 2983 805 3068 iubentur,
1001 3002 1052 3051 966

35 3066 292 3156 Contemnitque
314 3070 394 3136 feris
418 3069 534 3136 animis
558 3092 638 3156 gens
661 3071 763 3157 impia
785 3073 899 3138 lucem.

34 3156 80 3222 Et
104 3161 218 3246 regina
241 3160 313 3224 noti
336 3159 453 3225 vitales
477 3165 590 3246 surget
612 3161 755 3241 inorsa

35 3243 130 3315 Illius
154 3249 195 3314 ad
219 3249 383 3334 specimen
406 3249 615 3315 damnabitur
638 3249 736 3315 effera
759 3250 885 3334 plebes,

35 3330 172 3404 Finibus
196 3338 350 3404 extremis
373 3338 498 3426 Libyae
523 3338 608 3424 quod
630 3339 757 3405 venerit
779 3338 851 3422 illa,

108 3483 159 3532 686
178 3476 208 3532 in
227 3493 277 3534 cm.
297 3478 348 3548 ΕΙ]
366 3484 418 3534 689
438 3479 570 3534 servastis
591 3477 718 3543 OsMat,
742 3475 858 3530 servatis
872 3476 882 3543 ΙΙ
896 3476 946 3527 691
966 3469 1052 3526 Moisi

38 3541 79 3611 0¹,
99 3546 207 3618 Moyeei
227 3549 353 3619 16111696
371 3549 453 3604 malis
474 3549 552 3618 0¹1⁷,
570 3547 684 3617 magist!
706 3551 758 3601 708
778 3544 918 3614 specimen
938 3543 973 3598 0¹
984 3543 1052 3596 Mat

36 3611 93 3671 Ber
104 3618 151 3690 Sp,
171 3621 292 3690 speciem

852 3702 891 3752 4*
