2532 4114
553 945 862 1022 PRAEFATIO.

651 1123 759 1132 --—--

264 1225 445 1293 Inmortale
467 1228 551 1292 nihil
574 1227 686 1292 mundi
709 1247 865 1312 compage
888 1229 1027 1311 tenetur,

197 1316 273 1383 Non
297 1317 400 1396 orbis,
423 1339 489 1382 non
511 1338 613 1401 regna
635 1315 817 1399 hominum,
840 1337 907 1380 non
930 1337 1028 1380 aurea
1050 1314 1169 1399 Roma,

197 1405 274 1470 Non
297 1427 400 1490 mare,
422 1427 488 1470 non
512 1406 623 1489 tellus,
646 1427 713 1470 non
735 1405 831 1489 ignea
854 1403 961 1468 sidera
983 1403 1077 1468 caeli.

198 1493 285 1559 Nam
311 1495 429 1559 statuit
453 1494 581 1580 genitor
604 1515 712 1558 rerum
734 1492 952 1557 inrevocabile
976 1497 1119 1576 tempus,

198 1582 268 1659 Ouo
293 1585 443 1646 cunctum
463 1585 590 1646 torrens
609 1581 718 1665 rapiat
735 1581 868 1645 flamma
885 1581 1002 1645 ultima
1020 1580 1214 1646 mundums

199 1669 261 1736 sed
284 1674 396 1735 tamen
417 1671 605 1735 Innumeros
629 1670 778 1735 homiues
803 1669 956 1734 sublimia
979 1669 1067 1734 facta

197 1759 245 1824 Ilt
267 1759 399 1824 virtutis
422 1760 527 1824 honos
550 1759 585 1822 in
608 1762 758 1842 tempora
779 1759 879 1843 longa
901 1757 1127 1843 frequentant,

198 1847 417 1914 Accumulant
441 1870 578 1932 quorum
601 1847 723 1912 famam
747 1847 922 1931 laudesque
946 1849 1071 1930 poetae.

198 1937 268 2001 Hos
292 1937 370 2002 celsi
394 1941 522 2022 cantus,
547 1935 703 2020 Smyrnae
727 1935 766 2000 de
788 1935 878 2000 fonte
901 1935 1052 2015 fluentes,

196 2024 279 2091 Illos
302 2023 482 2090 Minciadae
507 2025 651 2089 celebrat
675 2025 809 2089 dulcedo
832 2022 986 2089 Maronis.
1182 2042 1214 2089 10

196 2113 267 2178 Neo
290 2113 398 2177 minor
419 2114 564 2197 ipsorum
588 2113 741 2178 discurrit
764 2112 871 2199 gloria
895 2115 1020 2190 vatum,

198 2201 286 2278 Quae
310 2205 421 2266 manet
443 2205 593 2266 aeternae
617 2201 746 2286 similis,
770 2201 846 2266 dum
870 2201 977 2266 saecla
999 2200 1167 2286 volabunt,

196 2290 242 2354 Et
264 2290 391 2375 vertigo
414 2291 484 2374 ¹poli
507 2294 612 2355 terras
637 2293 735 2374 atque
760 2311 901 2374 aequora
925 2290 1046 2354 circum

197 2378 344 2443 Aethera
368 2379 527 2444 sidereum
549 2381 638 2444 iusso
662 2378 881 2444 moderamine
905 2378 1025 2444 volvet.

199 2467 293 2544 Quod
317 2468 346 2532 si
369 2470 438 2531 tam
460 2468 594 2552 longam
618 2471 805 2532 meruerunt
828 2467 973 2532 carmina
994 2467 1129 2550 famam,
1181 2484 1216 2532 15

198 2555 286 2632 Quae
310 2559 455 2621 veterum
479 2557 581 2643 gestis
604 2556 773 2621 hominum
796 2554 964 2620 mendacia
986 2558 1132 2639 nectunt,

197 2644 303 2710 Nobis
328 2649 418 2710 certa
440 2645 520 2710 fides
544 2649 695 2710 aeternae
718 2645 753 2708 in
777 2645 907 2710 saecula
930 2644 1035 2708 laudis

196 2732 377 2798 Inmortale
401 2733 497 2800 decus
520 2735 657 2816 tribuet,
680 2733 897 2817 meritumque
920 2733 1083 2818 rependet.

198 2819 287 2886 Nam
310 2821 392 2886 mihi
415 2844 546 2887 carmen
569 2822 630 2887 erit
653 2819 777 2886 Ohristi
799 2821 915 2886 vitalia
939 2825 1044 2906 gesta,

197 2909 351 2975 Divinum
374 2911 504 2995 populis
527 2910 604 2975 falsi
628 2912 697 2976 sine
722 2910 854 2976 cumina
878 2910 1007 2975 donum.
1183 2928 1218 2976 20
1247 2921 1248 2926 ’

198 2996 267 3063 Nec
290 3002 412 3083 metus,
435 3004 473 3064 ut
495 2999 606 3064 mundi
629 2998 758 3085 rapiant
781 2999 929 3064 incendia
952 3021 1061 3064 seeum
1247 2999 1248 3026 ³

273 3189 314 3245 IN
345 3191 494 3246 NOMINE
527 3191 611 3257 ATO:
645 3189 845 3246 ADIUTORIO
878 3190 1089 3246 TRINITATIS
1122 3179 1217 3247 SOAII

198 3260 324 3315 AMIIN·
347 3261 483 3317 INCIPIT
505 3261 700 3316 PROLOGUS
723 3261 924 3318 EUANGELII
945 3261 1119 3342 tarsu—um
1143 3267 1215 3333 (ver-
1247 3271 1248 3276 ’

201 3351 292 3419 suum)
322 3353 355 3405 a'a
383 3351 421 3404 M
424 3391 432 3416 ,
469 3348 605 3405 INCIPIT
633 3349 813 3405 PREPATIO
841 3350 996 3406 IVVENCI
1022 3349 1090 3404 PRS
1117 3351 1153 3404 la
1182 3351 1214 3416 R,

199 3420 291 3475 ITEM¹
309 3419 518 3475 PRAEFATIO
537 3423 569 3476 ia
592 3421 656 3490 V¹ll
680 3428 696 3476 9
715 3421 842 3477 Smirnae
862 3420 895 3476 0¹
913 3423 923 3491 ΙΙ
948 3428 979 3476 13
999 3421 1091 3489 adque
1109 3434 1215 3490 aegott
1247 3439 1248 3444 ’

196 3507 510 3618 NNrmirN-Idequm
530 3491 563 3547 0¹
584 3494 594 3561 11
621 3498 655 3548 20
673 3491 787 3562 populis
805 3494 864 3548 eiua
882 3491 912 3546 in
932 3491 965 3546 0¹
980 3490 1029 3559 1⁷¹,
1047 3491 1080 3545 ia
1098 3488 1134 3544 0¹
1155 3510 1216 3564 sup.
