2532 4114
176 173 221 237 24
607 174 715 228 LIBER
733 177 754 229 1.

176 319 280 384 Unius
305 323 361 384 aut
383 319 465 384 odiis
491 317 582 383 cedet
604 320 657 384 vel
681 319 774 385 cedet
797 323 913 407 amori,

177 408 246 474 Nec
268 409 392 492 pariter
416 407 583 472 dominum
607 427 718 474 servus
740 409 883 494 patietur
906 416 1087 496 utrumque.

177 495 267 560 Haut
289 517 445 578 umquam
467 497 589 580 poterit
612 497 686 582 quis
707 497 897 582 divitiisque
916 499 1051 584 Deoque

176 583 337 649 Inseruire
361 584 472 668 simul3
497 585 553 650 sed
577 605 636 674 cce
657 586 740 650 haee
760 585 849 650 iussa
872 591 994 652 tenete:
1247 635 1248 638 ,

178 670 340 738 Sollicitet
362 673 494 757 proprio
518 693 563 738 ne
583 693 641 738 vos
665 695 726 759 pro
749 695 885 759 cor-pore
906 678 1023 760 uestis,
1138 693 1193 743 660
1247 671 1248 692 ³

176 760 250 825 Neu
271 760 387 828 faciles
409 763 514 826 victus
538 781 637 847 aegra
661 763 832 848 disquirite
856 785 940 829 cura.

177 849 295 914 Nonne
319 847 462 914 animam
485 849 590 933 pluris
611 850 763 937 facimus,
787 873 884 937 quam
907 853 1055 937 corporis
1077 855 1199 919 escas?

177 940 245 1003 Aut
270 937 398 1003 dubitat
421 957 538 1021 corpus
563 937 736 1022 quisquam
758 961 958 1026 praeponere
980 941 1090 1008 vesti?

178 1027 294 1092 Aerias
319 1029 500 1110 spectemus
525 1046 614 1090 aves:
637 1047 716 1091 num
739 1049 869 1093 vomere
892 1049 1008 1112 presse

178 1115 286 1200 Terga
309 1113 372 1178 soli
395 1113 565 1198 subigunt,
588 1114 713 1180 iaciunt
736 1120 793 1180 aut
817 1117 941 1182 semina
963 1117 1076 1203 ferris,
1140 1133 1200 1183 635

178 1205 247 1269 Aut
269 1206 418 1289 segetum
440 1203 566 1268 culmos
588 1203 722 1270 incurva
744 1204 828 1271 falce
851 1207 1025 1272 recidunt?

178 1291 353 1357 Proveniet
375 1295 486 1356 tamen
508 1293 564 1356 his
585 1294 686 1358 satias
709 1298 874 1379 potusque
895 1295 1031 1379 cibique.

178 1379 297 1446 Nonne
318 1380 390 1446 Deo
413 1381 519 1466 magis
542 1384 593 1444 ast
614 1381 784 1446 hominnm
806 1384 933 1448 cur-atio
954 1383 1065 1448 cordi?

178 1468 249 1534 Neo
272 1469 406 1554 dignum
429 1468 538 1532 fuerat
557 1470 659 1532 vestis
683 1471 882 1552 suspendere
903 1491 1013 1534 curam

178 1558 369 1624 Pectoribus
391 1557 528 1639 nostris3
550 1576 629 1634 non,
653 1556 680 1618 si
704 1555 860 1622 cubitalia
882 1561 1017 1640 possent
1140 1573 1203 1623 646

178 1647 383 1712 Incrementa
406 1643 474 1709 suis
496 1643 647 1708 homines
668 1643 824 1726 inponere
847 1643 1012 1708 membris.

179 1734 323 1812 cernite,
345 1753 404 1819 per
425 1731 566 1819 pingues
588 1752 687 1816 agros
708 1735 745 1796 ut
767 1731 839 1796 lilia
862 1731 1001 1817 fulgent!

179 1822 257 1889 Non
278 1821 340 1888 ulli
361 1827 473 1889 tamen
496 1821 548 1885 his
570 1841 726 1905 nmquam
748 1819 921 1886 incubuere
942 1819 1085 1902 labores,

180 1911 251 1977 Nec
275 1911 452 1978 Salomone
474 1909 582 1994 illum,
605 1930 679 1976 euru
701 1909 795 1996 regni
818 1909 930 1975 divitis
953 1908 1028 1973 aula

180 1999 355 2084 Afflueret,
378 1999 455 2065 telis
479 1998 624 2064 contexit
646 1999 754 2086 gratia
775 2000 886 2064 vestis.
1143 2011 1203 2060 645

182 2087 276 2164 Quod
300 2087 328 2150 si
350 2091 519 2170 pratonrm
542 2085 761 2169 fruticumque
784 2087 924 2150 virentia
946 2087 1034 2150 laeta
1083 2106 1084 2112 ¹

180 2175 255 2259 Ipse
278 2173 369 2238 Deus
390 2174 490 2239 vestit
512 2175 634 2238 nostris
658 2173 799 2238 obnoxia
821 2173 976 2255 flammis,

182 2262 248 2330 Cur
270 2261 364 2326 vobis
387 2261 497 2346 potior
519 2281 586 2325 non
608 2263 660 2324 est
680 2259 798 2324 fiducia
820 2259 953 2344 patris?

181 2351 272 2436 Ergo
296 2348 405 2414 cibum
427 2351 542 2432 potum
565 2351 752 2430 vestemque
776 2350 809 2410 et
831 2347 943 2412 inania
965 2352 1083 2413 cuncta

183 2437 343 2504 Gentibus
366 2435 476 2501 infidis
498 2439 664 2498 terrenam
686 2433 825 2518 linquite
849 2457 969 2502 curam.
1143 2453 1203 2502 666

182 2527 251 2593 Vos
275 2525 387 2610 potius
410 2523 506 2610 digne
530 2522 682 2588 caelestia
705 2524 852 2606 quaerite
873 2545 974 2609 regnu

182 2615 412 2698 Iustitiamque
434 2610 557 2678 Dei-
578 2613 759 2694 spontanea
782 2615 889 2677 cetera
912 2616 1042 2678 current
1064 2645 1121 2696 -‚

184 2703 336 2769 Crastina
358 2721 418 2767 nec
440 2700 533 2765 vobis
557 2702 689 2764 curetur
699 2699 803 2785 copia
825 2721 950 2786 rerum3

185 2791 329 2875 Quisque
351 2789 419 2854 dies
443 2785 574 2854 sibimet
596 2788 679 2853 satis
701 2793 754 2853 est
774 2809 834 2873 pro
856 2789 972 2854 fraude
993 2789 1116 2855 diurna.

228 2879 387 2944 Iudicium
409 2881 555 2943 vestrum
577 2876 685 2964 fugiat
708 2878 874 2944 damnatio
899 2899 1009 2962 saeve3
1143 2895 1199 2944 act

184 2967 270 3036 Nam
294 2967 456 3033 Dominus
477 2965 557 3032 iuris
580 2967 682 3032 vestri
704 2966 898 3033 documenta
921 2970 1082 3050 sequetur,

259 3167 311 3216 634
328 3179 397 3216 num
416 3159 459 3228 0¹,
476 3176 536 3214 non
557 3161 567 3228 ΙΙ
590 3164 641 3214 642
660 3159 771 3228 fulgent
789 3163 853 3214 uate
870 3156 971 3212 florent
987 3165 1056 3223 erut,
1073 3158 1120 3212 aed
1138 3174 1201 3213 era-

186 3251 247 3290 sum
265 3237 304 3288 eet
318 3231 361 3300 0¹,
379 3227 529 3301 fulgentii
534 3228 580 3299 1⁷²,
597 3228 698 3284 florent
715 3225 1074 3298 dio.ecr.proiulgentMl
1089 3233 1141 3284 646
1159 3229 1200 3284 la-

187 3306 269 3360 bores
285 3301 417 3374 ‘ligones'
435 3299 477 3370 0²,
496 3299 650 3358 laborasti
669 3301 734 3369 (dio.
744 3315 795 3354 scr.
805 3298 934 3369 ligones),
952 3297 1062 3368 ligones
1081 3298 1119 3353 Μ
1134 3301 1199 3369 (div.

187 3391 237 3430 eor.
257 3371 379 3439 labores)
397 3375 486 3443 npoct
505 3377 570 3427 645:
593 3371 731 3426 Naturale
749 3369 853 3423 bouum
872 3369 954 3424 terris
974 3385 1121 3424 commune
1139 3370 1199 3441 pla·

189 3445 264 3500 cebit
284 3443 318 3500 0¹
327 3441 372 3500 1⁷¹·
380 3444 398 3512 ¹,
426 3446 500 3500 taeter
522 3443 610 3497 litteus
631 3441 721 3512 suppl.
744 3439 773 3494 R
783 3439 820 3494 M
828 3439 890 3510 ΜΡ,
916 3442 987 3494 deest
1006 3439 1029 3494 0
1033 3439 1044 3472 ⁸
1052 3439 1118 3496 Ber.
1138 3446 1202 3508 etc.;

186 3513 230 3570 bic
248 3529 340 3570 casce
358 3515 521 3571 actobcstea
538 3515 613 3583 sopit
1247 3551 1248 3558 1
