2532 4114
476 223 510 277 V.
530 228 681 281 307-368.
1039 225 1081 290 15

67 367 265 434 Cunctorum
290 372 366 434 ante
389 369 500 434 oculos
524 368 609 434 acies
632 369 741 434 levata
764 369 894 434 securis.
1028 383 1080 434 333

66 455 250 523 Caedentur
273 456 375 523 silvae
400 458 528 522 steriles
551 456 724 543 ignemque
746 457 914 523 fovebunt.

64 545 162 611 Nunc
186 567 247 631 ego
270 545 464 630 praeteritas
488 546 634 611 macules
657 545 693 610 in
715 545 847 610 flumine
870 567 952 630 puro

64 634 209 699 Abluere
232 634 376 718 institui3
399 634 507 700 veniet
531 633 587 699 scd
609 633 729 698 fortior
753 635 844 718 alter,

65 722 166 790 Cuius
190 723 297 788 vincla
320 723 437 808 pedum
460 743 528 788 non
550 745 623 787 sum
647 722 837 809 contingere
861 722 987 807 dignus.

64 809 188 876 Abluet
209 811 265 876 ille
288 811 431 876 hominis
456 815 567 876 sancto
592 811 767 895 spiramine
790 815 932 876 mentem
1026 827 1079 878 340

63 899 350 984 Flammarumque
375 900 484 986 globis
507 898 663 984 purgabit
685 899 783 966 noxia
806 899 912 964 corda

63 987 160 1056 Illius
184 992 218 1052 33
242 989 392 1053 manibus
416 988 535 1055 ruralis
558 987 635 1073 pala
658 992 787 1054 tenetur

63 1076 111 1141 Et
134 1078 267 1162 propria
291 1076 393 1162 ipsius
417 1077 613 1164 purgabitur
636 1099 712 1142 area
734 1077 867 1163 frugum

63 1164 254 1250 Horreaque
277 1165 429 1250 implebit
451 1166 568 1231 secreti
591 1165 684 1249 copia
707 1165 803 1230 farris

28 1331 32 1338 Ι
63 1254 291 1338 Aeternusquo
315 1254 402 1318 leves
425 1254 537 1338 paleas
561 1254 773 1338 populabitur
795 1251 911 1337 ignis.“
948 1245 958 1268 ²
1027 1269 1079 1318 333

16 1399 21 1408 .
108 1341 200 1406 Haec
224 1341 271 1406 ait
295 1346 328 1406 et
350 1341 499 1426 properis
523 1363 582 1426 per
605 1341 722 1406 silvam
744 1340 896 1425 passibus
919 1341 1027 1425 ipsum

65 1429 179 1495 Cernit
201 1429 350 1494 Iordanis
374 1430 557 1495 veneranda
580 1430 710 1496 lavacra
732 1431 908 1516 petentem.

66 1519 131 1583 Sed
155 1522 246 1584 vetat
268 1518 467 1602 increpitans
490 1524 582 1584 vates
606 1523 639 1584 et
661 1519 743 1584 talia
765 1518 866 1583 fatur:

62 1601 174 1690 „Tune
198 1607 454 1679 meismanibus
478 1607 623 1694 dignaris
647 1608 789 1694 mergier
811 1607 920 1692 undis,

63 1694 150 1761 Cum
173 1700 231 1760 tua
254 1717 305 1760 me
329 1696 446 1762 melius
468 1697 597 1781 possint
621 1697 777 1762 mundare
800 1695 974 1763 13100139α
1027 1711 1079 1762 330

64 1783 162 1849 Dixit
183 1783 346 1849 Iohannes
373 1785 424 1850 cui
447 1785 530 1849 talia
553 1785 660 1850 reddit
683 1784 791 1850 lesus:

61 1872 183 1958 „Nunc
199 1873 281 1951 sine,
304 1895 381 1937 nam
397 1873 489 1937 decet
501 1874 577 1958 hoc,
601 1875 647 1939 sio
662 1877 776 1938 sancta
789 1894 848 1958 per
861 1872 971 1937 omnia
984 1873 1080 1938 nobis

62 1961 217 2026 Iustitiae
241 1961 474 2027 consectandus
498 1961 716 2046 complebitur
739 1959 845 2026 ordo.“

62 2050 156 2116 Haec
180 2071 364 2114 memorans
387 2051 508 2115 vitreas
531 2050 726 2135 penetrabat
748 2048 892 2114 fluminis
914 2049 1026 2114 undas.

64 2139 222 2226 Surgenti
245 2138 420 2204 manifesta
442 2139 493 2202 dei
516 2139 703 2222 praesentia
726 2139 839 2204 claret.
1027 2153 1079 2204 333

65 2227 234 2294 Scinditur
257 2228 418 2293 auricolor
442 2227 524 2292 caeli
548 2227 770 2312 septemplicis
794 2226 908 2292 aethra

63 2316 327 2401 Corporeamque
351 2337 465 2403 gerens
490 2316 631 2400 speciem
655 2316 820 2382 deseendit
843 2316 884 2380 ab
908 2317 976 2382 alto

63 2403 207 2490 Spiritus
231 2406 352 2469 aeriam
376 2405 532 2470 simulans
557 2427 594 2470 ex
617 2407 703 2471 nube
727 2405 911 2472 columbam

61 2493 109 2558 Et
133 2495 246 2558 sancto
270 2493 351 2558 flatu
374 2515 491 2578 corpus
514 2493 658 2578 perfudit
679 2494 763 2560 Iesu

63 2580 157 2647 Tunc
177 2603 241 2647 vox
264 2581 365 2647 missa
387 2581 449 2646 Dei
472 2583 607 2668 longum
631 2584 809 2668 perinane
832 2582 974 2647 cucurrit
1025 2598 1077 2648 330

62 2668 287 2754 Ablutumque
311 2671 405 2736 undis
430 2669 598 2736 Christum
621 2672 765 2756 flatuque
788 2673 980 2754 perunctum

62 2756 276 2842 Adloquitur:
298 2759 363 2843 „Te
399 2764 489 2841 nate,
512 2759 609 2824 hodie
632 2782 689 2842 per
713 2759 832 2844 gaudia
854 2761 959 2823 testor

62 2845 114 2910 Ex
139 2868 190 2910 me
213 2847 431 2932 progenitum,
454 2849 563 2932 placet
585 2849 666 2912 haec
688 2847 769 2912 mihi
792 2847 900 2932 gloria
922 2847 1054 2932 prolis.“

108 2934 191 2999 Tum
216 2935 299 3020 petit
322 2938 494 3002 umbrosos
519 2940 646 3001 montes
671 2939 704 3000 et
726 2937 830 3001 lustra
852 2936 994 3002 ferarum

63 3022 327 3108 Obsequiumque
350 3025 401 3089 illi
423 3023 531 3090 Patris
554 3025 709 3108 praebere
732 3024 873 3089 ministri
1025 3041 1077 3091 330

60 3109 247 3177 Certabant
269 3112 388 3198 rapidi,
411 3135 488 3178 mox
510 3113 595 3178 livor
618 3113 783 3178 doemonis
806 3117 911 3178 atram

64 3198 147 3264 Cum
171 3203 293 3266 terrore
317 3201 405 3285 rapit
428 3208 583 3285 mentem,
606 3223 666 3266 nec
689 3201 792 3266 defuit
816 3223 914 3286 aegro

62 3287 261 3372 Temptandi
284 3289 409 3356 interea
432 3288 599 3357 Christum
622 3290 768 3356 versutia
790 3290 899 3355 fallax.

136 3433 190 3482 333
209 3427 337 3498 levigata
355 3429 429 3486 Mat.
444 3431 521 3498 11340
539 3428 666 3484 homines
677 3460 710 3470 —
721 3445 851 3498 mergens
870 3427 936 3481 MR
946 3425 984 3495 (R
996 3425 1077 3481 scrib.

63 3501 159 3568 offislss
178 3504 230 3553 34⁷
250 3497 389 3555 Iohannes
410 3500 526 3568 R*M*‚
545 3499 671 3557 Iordanis
693 3500 704 3569 ΙΙ
727 3505 779 3556 330
797 3497 932 3552 mundare
952 3494 994 3564 0¹,
1012 3512 1078 3564 pur-

62 3583 129 3638 gare
143 3573 153 3640 l
167 3575 219 3627 366
238 3573 329 3626 atram
348 3572 372 3627 0
379 3571 420 3627 113
428 3570 477 3640 1⁷¹,
497 3574 557 3627 ater
576 3571 614 3632 Μ
