2484 4114
172 157 231 248 96'
589 182 765 262 urceum.

92 355 96 364 ·
154 328 301 395 -Invenit
324 330 358 392 et
379 348 491 394 rursus
514 327 600 400 idem
616 318 770 412 ‘genitore
793 331 924 411 precato
952 347 958 356 ·

172 417 371 503 Adloquitur
393 415 480 482 fesso
502 438 604 489 uexcs
628 416 786 502 languore
810 415 942 500 quietis:

110 514 112 518 ’
171 507 265 591 „Iam
288 505 428 576 dormire
452 505 529 570 licet
551 505 721 589 sociosque
741 504 885 571 revisere
908 509 1048 589 uestros,

172 593 259 660 Nam
283 594 372 666 veuit
395 615 481 678 ecce,
504 615 612 672 meum
637 595 692 678 qui
715 593 813 676 dedat
835 594 870 658 in
892 595 1011 668 omnia
1024 595 1167 681 corpus,

173 683 263 760 Quae
286 684 448 749 maculata
465 683 551 758 ¹meis
574 682 711 767 inponet
733 681 833 758 factio
858 681 1041 759 membris.“
1143 701 1198 758 ,510

173 769 256 837 Oum
279 771 365 837 dicto
388 770 486 838 Iudas
508 793 644 843 numero
670 771 813 855 stipante
837 775 986 854 catervae

142 910 146 916 .
171 860 315 926 Advenit
338 875 507 945 procerum
531 859 621 932 iussu
643 859 821 945 populique
843 860 970 932 ferocis.
998 913 1001 918 Δ

85 1027 88 1031 ι
171 948 253 1016 Parc
278 949 401 1014 strictis
425 948 544 1035 gladiis
564 970 643 1033 pars
666 948 769 1019 fideus
792 949 933 1034 pondere
957 949 1068 1028 clavae

172 1037 276 1124 Signa
300 1037 493 1122 sequebatur
514 1035 614 1106 Iudae
633 1037 799 1122 promissa
821 1038 969 1115 furentis.

173 1125 292 1192 Oscula
315 1149 391 1190 nam
414 1126 542 1212 pepigit
565 1147 638 1202 sese
658 1125 847 1212 contingere
871 1125 1009 1211 Christi,
1140 1144 1199 1196 515

173 1214 243 1292 Quo
267 1215 364 1281 facilc
387 1215 537 1301 ignotum
561 1218 693 1299 caperet
716 1215 904 1282 miserabile
927 1215 1055 1302 uulgus.

172 1304 233 1369 Ille
256 1305 313 1369 ubi
336 1303 544 1372 dissimulans
567 1303 690 1384 blanda
708 1326 785 1382 cum
808 1326 886 1378 voce
910 1305 1048 1389 salutat,
1117 1371 1123 1380 ,

173 1391 298 1478 Attigit
319 1396 354 1456 et
376 1393 473 1461 labiis
497 1392 576 1459 iusti
598 1393 792 1470 venerabilis
812 1415 886 1477 ora,

173 1479 337 1554 Oontinuo
361 1479 525 1548 Christus:
547 1481 686 1566 „Totum
709 1482 872 1566 complere
894 1481 1020 1565 licebit,

172 1568 246 1634 Huc
268 1569 396 1636 venisse
420 1573 477 1636 tuo
501 1591 721 1654 quascumque
746 1575 796 1635 est
818 1592 916 1640 causa
938 1567 1089 1655 paretu.“
1145 1589 1200 1643 sco

172 1656 314 1724 Iniecerc
337 1679 469 1725 manum
493 1660 609 1728 turbae
633 1656 863 1744 Christumque
886 1659 1106 1744 prehendunt.

217 1747 307 1812 Tunc
331 1769 349 1811 e
373 1747 539 1832 discipulis
563 1769 646 1812 unus
668 1747 815 1834 fulgente
838 1749 1011 1826 machaera

175 1834 323 1902 Occurrit
344 1837 431 1915 uatis
454 1836 578 1903 famulo
601 1837 751 1913 sublatus
774 1837 808 1901 in
831 1837 915 1914 iram

172 1925 332 2010 Tempore
355 1929 388 1989 et
411 1947 579 1996 excussam
600 1926 712 2010 rapuit
734 1926 767 2006 vi
781 1925 933 2007 uulneris
955 1946 1079 2001 aurem.

174 2014 242 2079 Olli
264 2012 414 2086 Christus
439 2015 498 2081 ait:
521 2012 694 2097 „Gladium
716 2017 753 2078 tu
775 2014 903 2099 ponito,
925 2018 1049 2099 nostem
1143 2033 1200 2092 scs

172 2101 259 2166 Nam
284 2102 477 2188 quicumque
497 2101 591 2169 ferox
612 2103 755 2172 confidet
777 2103 1025 2187 vindice-ferro,

95 2215 99 2226 ·
174 2188 271 2260 Hunc
293 2191 372 2260 iusti
393 2191 511 2260 similis
535 2191 612 2258 ferri
635 2191 780 2257 uindicta
803 2192 956 2258 manebit.

172 2279 228 2344 An
251 2299 311 2364 ego
335 2301 402 2346 non
423 2301 554 2365 possem
577 2280 730 2348 coelestia
752 2273 861 2346 'casim
878 2302 994 2354 vocare

172 2366 219 2433 Et
241 2367 346 2454 patris
368 2367 556 2442 inumneras
579 2368 613 2432 iu
634 2369 761 2454 proelia
784 2369 898 2436 ducere
921 2369 1071 2442 turmas?

173 2454 236 2522 Sed
260 2456 422 2542 scripture
443 2457 525 2525 meis
549 2457 741 2543 complenda
754 2461 815 2526 est
830 2459 946 2534 debita
969 2458 1084 2532 rebus:
1143 2477 1201 2540 ,sec

172 2544 242 2612 Vos
266 2550 375 2612 autem
400 2546 513 2615 stricto
538 2547 592 2632 qui
615 2569 668 2612 me
690 2547 922 2632 comprendere
945 2548 1032 2623 ferro

172 2633 329 2700 Fustibus
353 2640 386 2700 et
407 2635 528 2721 gladiis
541 2635 758 2722 concurritis,
781 2659 823 2702 en
842 2658 907 2723 ego
931 2636 1023 2702 uobis

175 2722 362 2808 Occurram,
385 2725 501 2810 templi
514 2724 633 2801 :madia
654 2725 711 2809 qui
735 2747 861 2809 semper
882 2727 918 2795 in
942 2746 1016 2800 arce

173 2811 352 2899 Vpbiscum
375 2808 518 2883 residens
542 2813 649 2897 docui,
671 2835 731 2885 uec
754 2815 833 2882 talia
852 2814 1030 2899 quisquam

172 2900 213 2965 In
236 2900 343 2966 solum
365 2903 467 2971 tantis
491 2902 810 2978 circumlatrantibus
835 2903 961 2969 ausus.“
1118 2937 1123 2946 ·
1147 2922 1200 2974 teu

175 2988 335 3074 Discipuli
357 2992 480 3074 passim
504 2989 634 3056 Ohristo
657 2991 770 3076 fugere
791 2991 917 3057 relicto.

218 3075 353 3162 Iamque
376 3075 540 3164 Caiphaea
558 3083 701 3146 steterat
725 3081 871 3146 salvator
894 3081 930 3146 in
953 3079 1041 3166 aula,

174 3163 359 3235 Convenere
383 3189 493 3236 omnes
519 3169 642 3234 scribae
665 3191 880 3255 proceresque
902 3167 1022 3240 uocati

143 3329 144 3332 ’
238 3328 296 3379 ,507
314 3323 403 3388 fessos
420 3323 494 3381 ΕΜ
504 3325 515 3406 ss
529 3329 582 3382 509
600 3325 637 3379 ad
657 3324 752 3382 omnia
765 3325 838 3383 ΒΜ
847 3328 856 3396 ΙΙ
871 3329 923 3380 514
941 3325 1145 3396 sequebantur
1158 3329 1201 3400 le

174 3399 226 3450 518
244 3393 393 3454 iustissimi
409 3395 549 3456 mirabilis
567 3395 614 3466 M,
637 3395 705 3452 iusti
722 3395 891 3459 miserabilis
910 3395 1154 3464 ABLWAM
1164 3401 1201 3473 Sp

174 3465 234 3520 Met
247 3467 258 3534 11
271 3471 322 3523 528
340 3465 447 3535 possim
466 3466 502 3533 R,
522 3484 621 3535 pssum
640 3469 679 3526 M
688 3469 698 3540 ΙΙ
712 3472 763 3522 529
781 3467 878 3524 turbes
896 3467 972 3523 ΜΟΒ
989 3469 999 3538 lt
1016 3472 1072 3536 &33
1095 3471 1202 3532 Occur-

111 3575 112 3587 ,
173 3549 265 3588 reram
285 3538 329 3606 Μ,
349 3535 464 3593 Occurri
482 3535 542 3592 AL
552 3539 589 3593 1⁷¹
602 3540 612 3608 11
626 3543 677 3594 537
696 3539 852 3594 adsteterat
869 3538 942 3594 ΒΜ
949 3538 1029 3594 LB*
