2532 4114
167 199 187 265 8
442 251 443 254 ,
597 198 708 253 LIBER
725 197 746 254 Ι.

169 343 361 428 Oonsulere,
385 342 570 428 scriptoque
593 345 714 426 rogant
737 341 861 406 edicere
883 363 1012 407 nornen.

167 431 243 517 Sed,
266 433 350 517 proh
373 433 457 496 mira
480 431 575 515 fides,
598 431 720 495 tabulis
745 452 818 496 oum
841 431 983 496 scribere
1005 434 1166 516 temptat,

166 521 366 606 Implicitam
390 520 488 586 solvit
511 542 569 604 per
592 519 691 584 verba
715 520 865 584 sonantia
886 519 1043 606 linguam.

166 609 244 674 Mox
269 609 367 674 etiam
391 609 559 674 adsuetam
583 611 755 692 penetrant
778 607 942 693 spiracula
965 612 1192 695 mentem,115

168 696 420 782 Completusque
444 698 532 762 canit
554 696 683 762 venturi
707 696 836 784 conscia
859 696 959 762 dieta:
1257 691 1258 720 ³

168 785 428 872 „Concelebrent
452 787 559 852 cuncti
582 785 695 850 laudes
719 789 891 870 gratesque
913 785 1121 870 frequentent
1257 857 1258 860 Ἴ

168 875 342 940 Astrorum
366 880 399 940 et
422 877 542 958 terrae,
565 873 721 959 pontique
745 874 978 958 hominumque
1000 875 1145 958 parenti,
1257 867 1258 884 ³

167 962 282 1046 Visere
306 963 393 1047 quod
415 963 522 1029 voluit
544 963 774 1046 propriamque
798 962 967 1028 absolvere
990 963 1130 1049 plebem.
1257 957 1258 1034 J

167 1052 221 1117 En
243 1053 320 1117 beat
344 1051 511 1136 antiquam
535 1055 666 1136 gentem
689 1073 853 1136 cornuque
877 1051 994 1116 salutis
1134 1069 1190 1118 120

168 1140 287 1205 Ereoto
311 1140 460 1225 indulget
482 1139 619 1205 Davidis
643 1139 769 1225 origine
791 1140 911 1204 lumen.

168 1227 240 1294 Hoc
264 1232 328 1313 est,
352 1229 437 1312 quod
460 1229 559 1313 prisci
583 1228 725 1292 cecinere
749 1249 789 1292 ex
811 1228 923 1292 ordine
946 1232 1052 1310 vates,

169 1317 259 1382 Haec
282 1321 334 1382 est
356 1317 414 1382 illa
437 1318 539 1401 salue,
563 1338 627 1402 qua
649 1337 709 1381 nos
734 1338 774 1381 ex
795 1317 946 1381 hostibus
970 1317 1050 1382 atris

168 1405 292 1490 Eripit,
315 1409 353 1470 ut
376 1406 462 1469 iuste
485 1405 572 1470 iusto
597 1405 718 1470 servire
742 1426 907 1487 queamus.
1209 1447 1214 1454 -

169 1493 217 1558 At
238 1498 276 1558 tu
298 1515 397 1578 parve
421 1515 500 1576 puer
524 1496 656 1558 sanctus
680 1493 862 1578 dignusque
886 1492 1048 1577 propheta
1133 1511 1188 1560 125

168 1580 284 1646 Dicere
309 1585 341 1646 et
364 1580 542 1646 Dominum
565 1604 641 1646 mox
663 1581 889 1666 praegrediere
913 1581 1031 1646 viando

168 1669 263 1735 lllius
287 1674 320 1735 et
341 1670 498 1755 populum
521 1669 618 1734 duces
641 1691 698 1753 per
721 1671 832 1734 lumen
855 1673 1016 1754 apertum:

170 1758 326 1824 Errerem
349 1780 408 1843 per
431 1762 464 1824 te
489 1762 642 1842 spernent
664 1758 844 1844 mortisque
867 1759 1019 1823 tenebras

169 1846 377 1933 Abrumpent
401 1869 526 1931 omnes,
549 1851 607 1911 tua
631 1847 687 1930 qui
710 1851 884 1932 praecepta
907 1846 1109 1931 sequentur.“
1257 1909 1258 1924 2

214 1935 342 2001 Exhinc
366 1936 498 2001 secretis
522 1935 557 1999 in
579 1936 720 2000 vallibus
745 1935 856 2001 abdita
880 1957 1006 2020 semper
1135 1954 1190 2004 130
1257 1941 1258 1944 ’

169 2022 249 2089 Vita
271 2023 335 2089 fuit
357 2046 473 2108 puero,
497 2024 598 2088 donec
620 2024 830 2108 poscentibus
855 2025 950 2089 anuis
1051 2072 1054 2078 -

169 2111 264 2177 Vatis
289 2111 330 2176 ad
353 2111 496 2176 officium
520 2112 616 2196 pleno
639 2113 830 2197 pubesceret
854 2133 944 2178 aevo.

218 2199 347 2264 Interea
369 2201 492 2264 Mariae
516 2222 636 2286 sponso
660 2201 817 2265 miracula
840 2205 982 2266 mentem

171 2287 371 2371 Sollicitant,
394 2288 568 2354 manifesta
590 2289 676 2353 uteri
699 2289 784 2373 quod
807 2289 951 2373 pondera
973 2289 1067 2368 vidit,

170 2376 218 2441 Et
241 2398 350 2442 secum
373 2377 490 2461 volvit,
514 2399 654 2460 quanam
678 2377 804 2442 ratione
827 2379 1028 2462 propinquae
1134 2395 1189 2445 135

169 2464 316 2531 Dedecus
341 2487 531 2550 oppressum
555 2466 638 2531 celet
660 2466 887 2550 thalamosque
910 2470 1044 2531 recuset.

170 2552 263 2618 Talia
285 2553 442 2619 tractanti
464 2557 656 2640 torpescunt
679 2555 825 2619 membra
849 2576 965 2638 sopore

170 2640 369 2728 Audivitque
393 2639 455 2708 Dei
478 2665 576 2726 super
598 2643 731 2708 horrida
754 2644 882 2708 somnia
904 2665 1031 2710 vocem:

169 2730 313 2814 „Aodpe
337 2731 523 2817 coniugium
545 2733 634 2796 nullo
658 2753 732 2797 oum
755 2731 887 2796 erimine
910 2735 1039 2818 pactae,

170 2817 311 2902 Spiritus
334 2819 484 2904 implevit
508 2823 620 2885 sancto
644 2820 695 2884 eui
717 2821 844 2886 viscera
866 2821 945 2886 fetu.
1132 2838 1187 2888 140
1257 2873 1258 2880 1

170 2904 265 2972 Hanc
288 2907 406 2972 cecinit
428 2912 520 2973 vates
543 2912 714 2973 venturam
738 2931 777 2973 ex
799 2909 926 2996 virgine
949 2910 1088 2994 prolem,

169 2994 350 3062 Nobiscum
373 2995 462 3060 Deus
486 3001 536 3062 001
557 3017 677 3062 nomen
700 2996 778 3062 oui.“
819 2996 972 3064 Protinus
995 2999 1051 3062 ille

169 3082 261 3148 Haeo
284 3088 459 3169 praecepta
482 3107 618 3169 sequens
643 3089 752 3150 servat
776 3088 940 3169 sponsalia
964 3090 1069 3170 pacta.

218 3170 282 3237 Sed
305 3178 376 3238 tum
398 3173 484 3238 forte
507 3195 592 3239 novo
617 3173 761 3258 capitum
785 3175 942 3241 discussio
966 3196 1064 3239 censu

172 3259 322 3326 Caesaris
345 3260 490 3347 Augusti
513 3261 610 3326 iussis
634 3283 692 3347 per
714 3262 855 3345 plurima
878 3268 985 3327 terrae
1135 3281 1187 3330 140

244 3405 295 3454 123
316 3415 371 3467 qua
392 3398 433 3465 0¹,
453 3415 524 3468 quae
543 3402 553 3469 ΙΙ
572 3405 623 3454 125
642 3400 681 3454 Et
699 3401 737 3454 M
753 3403 763 3470 l
784 3405 832 3454 141
853 3417 886 3454 ex
906 3398 1067 3467 o¹V¹M**,
1087 3415 1137 3454 om.
1163 3409 1190 3458 et
1257 3407 1258 3420 ¹

169 3471 269 3595 qeppqs
278 3471 368 3594 spppt
388 3469 416 3524 R
444 3473 454 3539 l
483 3475 533 3524 144
552 3487 624 3525 novo
635 3501 669 3511 —
681 3487 766 3526 censu
786 3469 819 3524 0¹
832 3470 906 3526 V¹R
925 3487 958 3525 ea
976 3485 1055 3536 eoru,
1073 3470 1187 3524 novi-⁴
