2532 4114
200 220 226 274 X
561 218 848 276 recunduntur.

200 369 284 434 Item
317 388 432 434 manus
460 366 560 431 tertia
587 365 707 432 litteris
735 389 817 451 quae
846 367 996 434 dicuntur
1023 371 1210 438 minusculis

199 455 463 544 anglosaxonicis
492 456 612 522 saeculi
640 455 768 521 circiter
795 458 873 522 noni
901 458 1032 545 singula
1056 462 1211 546 quaedam
1252 475 1253 532 l

199 547 348 612 mutavit.
393 544 504 630 Atque
540 545 622 610 hacc
653 565 769 610 manus
802 545 914 611 eadem
945 547 1046 613 fuisse
1078 550 1212 636 videtur,

200 657 282 721 quae
305 634 400 700 initio
424 634 544 700 codicis
568 635 677 718 capita
700 656 793 700 cruce
815 635 944 700 notavit
967 641 1001 702 et
1020 646 1211 724 argumenta
1252 637 1253 660 l

199 724 312 790 brevia
334 723 467 789 addidit.

268 811 449 879 Secundum
473 813 580 878 locum
602 812 825 897 praestantiae
848 813 968 879 codex
990 813 1117 880 Musei
1136 817 1211 884 Bri-

198 903 348 969 tannici
372 901 512 985 obtinet,
536 902 592 985 qui
615 901 700 966 inter
722 902 831 987 regios
854 925 989 968 numero
1015 903 1057 970 15
1081 905 1111 970 A
1133 905 1211 972 XVI

198 995 332 1058 notatus
352 993 459 1055 exstat
475 988 534 1076 (R)
554 993 587 1054 et
606 1011 688 1054 saec.
704 990 788 1055 VIII
806 991 841 1054 in
860 989 1030 1058 8⁰11rccris
1051 994 1209 1061 minuscu-

198 1082 239 1146 lis
262 1079 458 1144 nitidissimc
487 1077 628 1162 scriptus
653 1082 703 1143 est
727 1076 810 1164 (foll.
834 1079 877 1144 59
900 1081 1015 1164 primis
1038 1081 1212 1150 Iuvencum

199 1165 409 1254 continet).*)
452 1168 649 1252 Priusquam
671 1168 706 1231 in
728 1166 840 1234 Iacchi
863 1169 950 1254 regis
972 1171 1212 1255 possessionem

198 1260 301 1342 venit,
333 1259 419 1322 inter
446 1257 549 1323 libros
578 1254 635 1322 Sti.
663 1255 844 1344 Augustini
873 1255 1105 1324 Oantuarensis
1134 1267 1213 1347 crat,

199 1349 285 1433 quod
307 1347 365 1412 fol.
391 1348 424 1410 1⁸
447 1369 467 1410 a
490 1368 587 1410 manu
611 1345 740 1411 cIrciter
761 1369 842 1412 saec.
861 1345 939 1412 XIV
959 1348 1115 1433 scriptum
1135 1351 1214 1436 legi-

111 1432 114 1438 ’
198 1459 279 1501 mus.
325 1434 375 1500 Ac
401 1455 514 1500 versus
543 1434 673 1517 quidem
696 1435 783 1500 inter
807 1457 841 1500 se
865 1435 1017 1503 disiuncti
1041 1442 1130 1522 sunt,
1156 1441 1214 1504 sed

198 1545 293 1590 voces
317 1545 413 1608 saepe
438 1523 542 1587 adhuc
565 1522 652 1587 inter
675 1544 710 1586 se
734 1522 909 1588 cohaerent
928 1547 1023 1610 saepe
1041 1549 1107 1593 non
1125 1533 1213 1594 reete

198 1616 401 1696 separantur.
438 1608 638 1696 Ocmpcndia
657 1611 838 1696 scripturae
857 1614 986 1696 saepius
1004 1615 1214 1682 inveniuntur

198 1724 296 1786 quam
314 1701 349 1766 in
364 1697 414 1785 0¹,
434 1700 490 1764 sed
508 1699 746 1785 orthographia
765 1702 846 1765 satis
866 1700 1041 1788 diligenter
1058 1704 1213 1772 librarius

196 1790 386 1876 perfunctus
414 1793 473 1855 est.
519 1788 602 1854 Tum
626 1788 711 1854 ratio
733 1789 991 1876 praeposiiiones
1016 1814 1089 1858 cum
1112 1796 1214 1860 verbo

194 1878 552 2035 ttpdtltldlt
569 1877 636 2032 fg.
651 1877 933 2053 ultrast}
955 1881 1066 2054 rte
1084 1904 1216 2037 {ltu

301 2016 309 2027 .
494 2050 496 2055 ,
613 2019 622 2052 ⁷
1206 2009 1217 2019 -

196 2059 299 2141 latur3
321 2059 365 2122 cd
388 2058 462 2121 ante
486 2077 503 2119 r
526 2059 560 2120 et
580 2060 596 2119 t
619 2077 863 2140 nonnumquam
883 2063 1039 2139 servatur,
1062 2080 1118 2126 core
1137 2066 1216 2127 ante

196 2168 230 2210 m
254 2150 287 2209 ct
310 2167 327 2209 r
349 2165 417 2209 non
440 2164 569 2226 semper
592 2142 805 2208 adsimilatur.
847 2145 1021 2211 Praeterea
1043 2151 1216 2216 nonnullis

196 2233 279 2298 locis
306 2233 483 2316 capitulum
512 2233 560 2295 ita
583 2229 757 2313 indicatur,
785 2235 822 2296 ut
844 2233 951 2316 prima
972 2235 1084 2298 littera
1107 2237 1217 2302 maior
1252 2317 1253 2320 Ἴ

195 2323 241 2386 sit
264 2343 360 2406 quam
386 2319 493 2405 prima
516 2319 629 2384 littera
651 2339 804 2384 versuum
828 2323 1017 2386 ceterorum.
1062 2321 1215 2406 Denique

196 2410 374 2480 auotoritas
402 2411 511 2473 textus
538 2408 601 2472 hcc
629 2406 737 2472 codice
765 2407 928 2474 adservati
946 2410 1053 2493 paulo
1081 2410 1216 2494 quidem

195 2495 753 2668 ttld.pdlt.⁹.⁵ltdtddt
765 2494 1215 2672 tirtdlttlldtttt

739 2637 748 2669 l

196 2677 253 2744 sed
276 2676 357 2742 locis
379 2697 446 2741 non
468 2675 579 2761 paucis
603 2674 776 2740 lectionem
800 2675 974 2759 genuinam
997 2678 1139 2744 servant
1160 2642 1217 2744 vel
1252 2733 1253 2738 ,

195 2767 286 2832 solus
309 2766 362 2831 vel
386 2784 548 2830 unacum
572 2760 621 2828 01.

263 2854 409 2920 Tertium
437 2853 546 2918 locum
574 2852 702 2918 obtinet
723 2853 842 2918 codex
864 2851 1108 2920 Monacensis
1133 2851 1216 2943 (M)

195 2945 253 3009 lat.
286 2943 373 3009 6402
401 2939 557 3029 (Frising.
586 2937 667 3028 202)
699 2941 735 3006 in
761 2937 797 3006 4⁰
829 2963 910 3009 saec.
939 2941 1030 3010 VIII.
1074 2943 1147 3008 Iam
1179 2947 1215 3011 in

194 3033 325 3100 Arctini
356 3029 559 3117 „Beytriige“
585 3027 650 3094 VII
682 3053 713 3114 p.
743 3031 809 3096 243
826 3053 851 3096 s.
884 3031 1062 3118 descriptus
1096 3037 1147 3098 est
1182 3039 1215 3099 et

196 3123 325 3210 glossas
344 3119 522 3186 theotiscae
541 3141 627 3183 nunc
646 3120 886 3204 exscripserunt
906 3119 1034 3186 Sievcrs
1053 3126 1087 3186 et
1106 3119 1213 3188 Stein-

192 3233 307 3296 ¹meyer
334 3209 370 3274 in
392 3209 477 3274 libro
500 3207 581 3291 „Die
604 3206 916 3274 althoehdcutschcn
940 3208 1107 3275 Glossen“.
1154 3210 1211 3277 Oe

195 3303 302 3364 terum
321 3298 403 3364 conf.
419 3295 613 3381 Gatalogum
633 3297 778 3362 codicum
793 3297 985 3363 Latinorum
1004 3298 1080 3364 bibl.
1099 3301 1209 3386 regiae

194 3387 402 3454 Monacensis
429 3386 446 3450 I
473 3386 493 3452 3
525 3408 557 3470 p.
587 3386 650 3451 104
665 3407 690 3451 s.
735 3384 804 3451 Fol.
832 3388 865 3450 1·
888 3387 1047 3473 scriptum
1070 3387 1211 3474 legimus
1252 3395 1253 3398 ’

265 3577 292 3648 *)
311 3578 422 3636 Videris
442 3577 477 3635 de
496 3593 530 3634 eo
548 3552 804 3648 Zangcmcisterum
826 3579 844 3637 l.
864 3578 883 3638 1.
902 3598 930 3651 p.
950 3585 1010 3636 518.
