2484 4114
192 233 233 300 78
550 295 552 297 ,
608 233 719 298 arena
732 231 780 286 111.

191 379 363 446 cultorum
388 383 475 443 certa
498 377 582 442 ruris
606 375 751 443 mercede
776 377 915 442 daretur.

189 468 273 533 Ecce
297 468 485 533 colonorum
509 467 617 532 rabies
640 467 700 532 hos
723 466 858 531 verbere
883 486 990 549 saeva,
1172 484 1218 531 720

189 557 254 620 Ast
278 557 360 621 alios
384 555 529 638 lapidum
552 558 739 639 proterrent
762 555 902 638 undique
928 554 1019 638 telis,

188 643 338 728 Denique
362 644 454 710 letali
477 647 689 730 prosternunt
710 644 844 708 vulnere
867 643 1001 708 multos.

189 731 273 797 Tum
297 733 448 798 dominus
471 733 556 798 ruris
580 734 690 816 plures
714 731 861 797 incedere
886 752 1000 795 servos

188 820 354 908 Praecipit
377 826 410 887 et
433 843 562 887 rursum
585 820 743 886 mercedis
766 824 864 904 pacta
887 819 1046 903 reposcit3

77 952 80 958 -
188 909 295 975 Maior
319 914 353 975 at
375 910 410 975 in
432 911 543 995 plures
567 910 672 974 audax
694 909 813 974 iniuria
837 908 951 994 surgit.
1162 895 1223 974 wal

189 999 317 1064 Ultima
339 1001 405 1064 iam
429 999 561 1063 domino
584 1002 696 1062 natum
721 997 884 1062 dimittere
907 1019 999 1062 mens
1022 1001 1088 1078 est,

188 1086 280 1163 Quod
305 1087 453 1152 subolem
477 1091 669 1171 partemque
693 1087 816 1151 sciris
840 1085 940 1172 digna
961 1085 1099 1169 pudoris

190 1175 359 1241 Cultorum
383 1176 473 1242 cordi
496 1175 713 1240 venerandam
736 1181 884 1258 posceret
907 1195 986 1238 esre.

188 1263 251 1330 Sed
276 1269 390 1331 contra
414 1265 546 1330 illorum
569 1265 635 1328 iarn
660 1285 750 1327 mens
774 1264 939 1329 maculata
963 1285 1075 1328 eruore

187 1353 348 1440 Progenie
373 1355 532 1418 exstincta
556 1352 679 1418 domini
702 1351 765 1416 sibi
788 1355 865 1437 post
889 1352 1094 1418 dominatum
1159 1373 1209 1422 ⁷30

187 1440 307 1506 Cedere
331 1443 532 1525 credentum,
556 1441 677 1506 crudeli
701 1441 833 1506 vulnere
856 1441 957 1505 fixum

187 1528 392 1594 Obtruncant
415 1529 600 1614 iaciuntque
624 1529 713 1594 foras
736 1534 828 1595 trans
853 1533 967 1612 saepta
991 1530 1143 1596 cadaver.

186 1613 267 1683 Post
290 1617 371 1683 haee
393 1619 460 1682 iam
483 1617 633 1682 dominus
657 1619 766 1683 veniet
789 1639 974 1701 poenasque
998 1626 1154 1702 reposcet

186 1704 365 1771 Tantorum
391 1707 556 1772 scelerum.
594 1705 656 1771 Sed
679 1707 772 1772 vobis
796 1707 919 1772 tradita
942 1709 1109 1790 quondam

185 1793 355 1881 Fulgentis
379 1796 473 1882 regni
497 1795 589 1860 sedes
612 1797 774 1860 translata
797 1796 920 1860 feretur
1155 1816 1206 1865 735

186 1884 239 1950 Ad
263 1885 425 1968 placidam
449 1881 594 1972 gentem,
618 1884 723 1968 possit
748 1906 829 1968 quae
852 1884 985 1949 reddere
1008 1885 1168 1952 fructus.“

230 1972 294 2057 „Ut
317 1996 387 2059 rex,
412 1973 468 2058 qui
490 1977 568 2038 nato
591 1973 813 2038 thalamorum
836 1973 966 2038 vincula
988 1978 1126 2041 nectens

187 2061 364 2146 Praecipit,
387 2066 425 2126 ut
447 2083 598 2146 proceres
622 2061 770 2127 convivia
793 2062 881 2127 laeta
904 2061 1129 2150 frequentent,

187 2149 320 2216 Accitos
344 2150 475 2216 famulis
499 2151 569 2216 voti
592 2151 713 2236 regalis
736 2150 893 2215 honorem

186 2237 422 2304 concelebrare
447 2239 558 2324 simu13
581 2239 690 2305 cuncti
715 2240 770 2303 sed
794 2238 883 2304 adire
906 2242 1059 2305 recusant
1156 2259 1204 2308 ⁷40

185 2325 325 2412 Regales
349 2327 527 2411 thalamos,
550 2328 672 2412 regalis
694 2329 812 2412 pocula
835 2350 975 2393 mensae.

184 2415 266 2480 Post
289 2415 372 2480 alios
396 2417 511 2498 mittit,
536 2437 606 2480 sese
629 2416 817 2501 largissima
840 2421 955 2482 cuncta

184 2504 440 2590 Magnificasque
465 2505 577 2588 dapes,
601 2505 750 2590 convivia
772 2506 860 2570 laeta
883 2526 1026 2589 parasse.
1049 2573 1051 2578 ,

183 2592 240 2657 Illi
261 2593 419 2679 neglectis
443 2593 560 2678 opibus
583 2593 711 2660 diversa
734 2595 898 2679 petebant.

183 2680 246 2748 Hic
270 2682 365 2748 aedes
388 2682 551 2768 proprias,
575 2682 628 2748 hic
651 2682 736 2747 ruris
759 2686 846 2748 tecta
868 2683 1058 2768 propinqui,
1156 2703 1201 2752 745

183 2769 249 2834 Ast
272 2772 355 2836 alius
379 2793 501 2837 meroes
525 2772 634 2856 potius
659 2793 696 2836 ac
718 2772 809 2837 lucra
831 2772 954 2837 revisit.

183 2857 282 2923 Multi
305 2863 475 2943 praeterea
498 2861 631 2944 missos,
655 2859 710 2946 qui
734 2860 775 2925 ad
798 2860 885 2925 laeta
908 2865 1089 2944 vocarent,

187 2945 338 3012 insontes
361 2947 501 3014 famulos
525 2949 658 3035 rapiunt
680 2952 714 3013 et
737 2970 874 3032 corpora
897 2948 983 3014 ferro

182 3035 223 3099 In
246 3038 385 3102 mortem
409 3039 562 3103 cruciant.
600 3038 683 3103 Tum
706 3059 763 3102 rex
786 3037 843 3102 ubi
867 3038 1024 3123 comperit
1049 3043 1140 3125 acta,

182 3123 317 3189 Milibus
342 3126 475 3191 armatis
499 3128 584 3192 cives
609 3149 682 3192 eum
706 3125 875 3191 moenibus
898 3126 979 3211 ipsis
1148 3145 1195 3194 750

185 3211 332 3297 Subruit,
357 3214 450 3280 effusi
471 3215 669 3280 famulorum
694 3214 863 3301 sanguinis
886 3215 984 3280 ultor.

184 3301 274 3367 Tunc
299 3303 401 3369 servis
425 3302 526 3368 fatur:
549 3302 646 3369 Nunc
668 3303 753 3368 festa
775 3303 899 3388 iugalia
923 3325 1033 3387 cenae,

251 3447 303 3498 '136
326 3443 446 3497 refertur
469 3441 557 3495 ΜΒ*
598 3445 607 3510 ΙΙ
650 3447 700 3496 736
724 3441 769 3495 Ad
791 3445 906 3513 gentem
929 3443 1030 3513 dignos
1048 3443 1189 3500 Roma

183 3516 241 3566 '138'
261 3511 405 3580 Praecipit
431 3513 463 3566 ut
490 3513 628 3567 Arcvclus
655 3514 781 3581 coniecit,
804 3515 953 3584 Praecepit
974 3515 1051 3572 codd.
1071 3513 1192 3586 (Praeci-

182 3582 320 3650 piem)-
