2532 4114
172 205 215 269 14
366 271 368 274 ,
607 206 717 262 LIBER
734 209 756 262 Ι.

215 352 345 416 Interea
368 351 487 416 veteris
511 352 624 437 scripti
647 375 705 437 per
728 353 839 417 debita
863 375 994 418 currens

170 438 288 504 Omnia
311 440 493 505 saeclorum
517 441 615 506 series
638 441 802 524 promissa
823 441 986 507 trahebat.

171 527 346 593 Zachariae
370 529 501 594 suboles
525 529 661 594 desertis
684 530 826 594 vallibus
851 552 963 595 omnes

170 615 221 680 Ad
246 617 450 701 deponendas
474 619 618 684 maculas
642 619 783 683 clamore
807 619 960 704 vocabat,
1137 639 1196 686 310

169 703 329 770 Fluminis
352 710 389 771 ut
412 706 527 791 liquidi
550 711 702 790 caperent
726 707 873 774 miranda
896 708 1040 792 lavacra,

171 793 250 870 Quis
275 795 401 860 animae
425 795 548 880 species
573 795 686 862 abluta
710 796 804 860 sorde
826 798 960 881 niteret3

169 881 286 948 Esaias
309 889 401 950 vates
426 884 542 949 cecinit
565 884 651 969 quod
674 885 806 950 numine
829 885 950 950 iussus:

169 970 260 1056 „Vox
284 973 350 1037 late
373 977 505 1038 resonat
529 973 665 1038 desertis
689 973 846 1058 vallibus3
871 975 998 1059 amplas

168 1061 325 1126 Instruite
349 1065 482 1146 stratas,
507 1063 611 1126 omnis
636 1063 794 1127 sitrecte
815 1063 943 1128 viarum
1133 1080 1192 1129 315

170 1148 304 1235 Semita,
328 1172 409 1234 quae
433 1149 567 1215 Domini
591 1151 687 1236 digne
711 1152 852 1236 vestigia
875 1155 992 1237 gestet.

170 1236 347 1304 Subsident
370 1239 483 1323 colles,
507 1239 604 1304 vallis
627 1239 845 1324 complebitur
867 1241 986 1322 omnis3

169 1326 320 1414 Corriget
343 1329 508 1394 anfractus
531 1329 622 1393 iteris
646 1329 734 1394 bona
756 1329 843 1393 linea
866 1329 947 1394 recti
979 1387 994 1392 -

169 1413 406 1501 Corporeisque
430 1417 532 1482 oculis
556 1418 667 1482 lumen
689 1421 831 1483 tractare
855 1439 1004 1482 serenum

169 1503 328 1569 Omnibus
351 1505 501 1591 indulget
524 1505 662 1571 Genitor
683 1506 909 1590 Dominusque
933 1505 1077 1570 salutis.“
1129 1523 1188 1572 320

213 1592 304 1679 Ergo
329 1593 464 1659 aderant
486 1595 600 1680 populi
623 1595 810 1680 passimque
832 1595 908 1660 hinc
932 1596 1004 1660 inde
1028 1599 1162 1661 ruentes

169 1678 386 1767 Complebant
408 1683 496 1768 ripas
521 1684 669 1769 avidique
690 1685 824 1749 lavacra
846 1685 1011 1768 petebant.

169 1769 272 1835 Texta
296 1772 495 1836 camelorum
518 1773 648 1837 fuerant
670 1773 833 1837 velamina
857 1773 949 1852 setis,

167 1857 214 1923 Et
237 1881 337 1924 zonae
359 1860 456 1945 pellis
480 1861 621 1927 medium
646 1862 773 1927 cinxere
795 1861 1003 1946 prophetam,

167 1948 213 2013 Et
236 1952 366 2014 tenuem
389 1951 511 2016 uictum
534 1951 692 2034 praebent
715 1950 878 2014 silvestria
901 1951 1008 2014 mella.
1130 1968 1186 2017 325

167 2037 265 2120 Isque
288 2038 343 2102 ubi
368 2041 419 2103 tot
441 2040 579 2124 populos
604 2040 738 2104 diversis
762 2038 892 2103 sedibus
917 2042 1007 2104 ortos

167 2125 300 2191 Inruere
319 2125 359 2192 ad
383 2127 517 2192 fluvium
540 2128 656 2213 cernit,
680 2129 726 2192 sic
749 2127 865 2211 incipit
888 2149 943 2192 ore

167 2214 343 2300 „Vipereae
367 2217 475 2300 gentis
499 2217 639 2301 suboles,
662 2217 734 2303 quis
759 2216 869 2282 debita
891 2216 985 2280 vobis

55 2303 60 2310 “
168 2303 333 2388 Supplicia
356 2307 575 2390 urgentesque
598 2307 664 2370 iras
689 2305 823 2370 evadere
847 2305 1032 2369 monstrat?

169 2391 232 2458 Sed
254 2392 366 2478 facite,
390 2415 409 2458 o
428 2394 551 2479 miseri,
573 2395 728 2478 fructum,
753 2395 781 2458 si
803 2393 962 2478 paenitet,
987 2397 1114 2478 aptum,
1129 2411 1182 2460 330

167 2480 236 2547 Nec
260 2482 387 2568 generis
411 2485 513 2548 vestri
536 2484 634 2548 tollat
656 2484 773 2548 fiducia
797 2488 931 2547 mentes.

166 2570 252 2635 Nam
276 2571 372 2636 facile
396 2594 413 2636 e
437 2573 525 2636 saxis
549 2572 649 2637 etiam
672 2595 732 2657 pro
755 2572 887 2637 nomine
911 2571 1024 2656 plebes

168 2658 323 2725 Succedct
345 2664 468 2745 vestro,
493 2662 623 2726 suboles
647 2662 724 2747 quia
747 2661 886 2747 degener
910 2662 1007 2724 errat.

165 2747 320 2852 Prpxima
342 2750 489 2815 roboreis
512 2751 645 2816 iamiam
668 2749 832 2815 radicibus
856 2751 960 2814 instat

238 2981 290 3030 309
315 2976 485 3033 Zacchariae
510 2978 533 3032 O
541 2977 549 3008 ¹
571 2981 580 3048 ΙΙ
603 2983 655 3032 312
679 2977 767 3032 virtus
788 2976 953 3047 0¹V¹Mp‚
982 2973 1178 3045 speciesllsla

166 3047 264 3102 Esaias
280 3047 331 3116 0¹,
355 3049 442 3103 Isaiae
466 3051 476 3119 l
495 3055 560 3130 post
578 3055 631 3104 324
649 3051 768 3104 insertus
786 3055 825 3102 est
841 3050 886 3106 bic
903 3065 928 3104 v.
947 3047 1037 3102 Edere
1055 3047 1180 3101 locustas

166 3119 266 3174 solitus
284 3119 423 3174 ruralibus
443 3119 699 3175 arv1s0¹RM***
710 3121 764 3188 ΜΡ
777 3118 845 3173 V¹·²
862 3125 920 3185 etc„
943 3118 1078 3174 Locustae
1097 3117 1179 3172 edere

166 3191 219 3246 etc.
240 3188 279 3245 0³
292 3191 374 3246 Bodl.
389 3191 466 3258 Met,
485 3193 556 3248 deest
574 3191 628 3246 M*
644 3192 717 3246 Mat.
730 3191 777 3256 0²,
803 3207 877 3246 moa.
897 3192 920 3245 I
935 3190 968 3245 iu
985 3205 1070 3258 maru.
1089 3190 1193 3258 suppl„

170 3261 213 3316 V²
236 3263 343 3332 (scribit
365 3263 495 3332 Hedera).
540 3262 640 3318 Versus
662 3264 765 3318 datius
783 3269 899 3332 propter
921 3263 1043 3316 rationes
1060 3264 1134 3314 metr.
1155 3265 1180 3315 ct

165 3333 404 3406 incongruentiam
440 3339 614 3402 structurae;
649 3335 743 3404 itaque
774 3339 844 3403 pcto
875 3333 1027 3388 Iuvencum
1063 3331 1179 3386 locutos

161 3420 278 3474 prorsus
300 3405 421 3460 omissae
448 3405 617 3475 eoaupels'um
643 3406 688 3460 bic
714 3405 920 3460 Ebioooeoram
947 3409 1080 3467 secutum,
1107 3402 1179 3470 qaod

164 3491 206 3598 po.
222 3491 338 3598 ἤραο
367 3478 421 3530 355
432 3481 530 3531 —363
553 3477 672 3545 respexit
703 3479 713 3545 ΙΙ
744 3481 796 3530 333
825 3474 982 3530 succedent
1008 3471 1049 3538 R,
1079 3469 1180 3528 Succe-

184 3563 221 3598 un
596 3565 598 3568 ·
1134 3589 1136 3592 .
