2532 4114
184 226 224 286 IV
550 231 835 289 Pnounuonunn.

186 380 316 442 tantum
334 375 443 458 habui,
462 376 580 460 quibus
598 377 634 442 in
651 381 743 444 textu
759 381 986 448 constituendo
1000 383 1050 448 uti
1064 406 1196 467 possem.

185 464 226 531 A.
252 465 338 530 1870
365 463 402 528 Ο.
425 463 519 530 Korn
546 465 754 532 collationem
782 489 885 551 paene
914 474 1061 535 exactam
1085 473 1196 537 codicis
1254 476 1260 606 y

185 551 458 618 Helmstadiensis
487 575 569 621 saec.
596 554 644 620 XI
671 560 704 620 et
727 553 927 622 Gedanensis
955 579 1037 622 saec.
1059 557 1140 620 XIII
1165 560 1197 622 in
1260 613 1261 630 ,

66 669 69 673 ·
186 641 299 708 libello
323 641 462 728 quodam
485 643 564 726 (Die
580 643 829 724 Handscbrifien
851 645 905 709 der
926 643 1057 709 bistoria
1074 664 1196 726 erinpe-
1260 651 1261 726 i

187 732 248 796 tice
274 731 326 796 des
352 730 509 798 Innenens
538 734 574 796 in
601 731 741 815 Danrip‚
769 731 852 796 Rom
878 733 945 797 nnd
974 731 1197 816 Wotfenbiittet)
1260 737 1261 780 ἒ

185 819 266 884 iuris
293 819 418 906 publici
444 819 530 884 fecit.
577 821 626 884 Ac
654 819 764 884 decem
792 819 885 884 annis
913 823 989 904 post
1010 817 1036 884 I.
1058 817 1199 886 Huemer

187 908 223 972 in
241 904 332 972 Stud.
347 905 487 972 Vindob.
507 907 570 972 vol.
583 905 618 971 II
637 907 900 973 dissertationem
918 909 1006 993 typis
1025 907 1199 993 mandavit,

188 1018 270 1082 quae
289 994 492 1061 inscribitur:
515 995 673 1061 Kritrscbe
690 995 840 1079 Beitrdpe
856 1016 914 1062 syr
930 997 1078 1064 Historia
1095 997 1200 1063 Hirri

183 1085 285 1166 petico
311 1085 363 1150 des
389 1082 543 1149 Invcncns
565 1083 592 1148 I
592 1105 603 1160 ‚·
632 1085 667 1150 in
695 1106 758 1169 qua
785 1085 981 1151 lectionibus
1009 1086 1201 1170 quibusdam
1250 1132 1259 1152 .

188 1172 308 1239 codicis
327 1171 512 1238 Turioensis
532 1192 613 1237 saec.
631 1171 680 1238 IX
698 1174 789 1239 nisus
808 1174 1010 1240 coniecturas
1028 1173 1201 1241 nonnullas

187 1261 401 1329 commendat.

255 1350 320 1416 Uni
347 1349 549 1434 Hieronymo
583 1353 707 1415 certum
740 1350 864 1438 aliquid
896 1351 934 1416 de
965 1355 1064 1438 poeta
1090 1356 1203 1416 nostro

188 1437 353 1524 debemus,
371 1460 447 1502 nam
466 1438 565 1502 multi
585 1438 714 1524 quidem
728 1443 804 1524 post
818 1438 1054 1525 Hieronymum
1069 1440 1204 1524 scripto·

187 1549 240 1592 res
273 1527 342 1600 eius
374 1526 574 1592 mentionem
606 1526 745 1610 faciunt,
778 1528 834 1592 sed
865 1529 950 1593 nihil
980 1529 1070 1594 aliud
1098 1551 1136 1593 ex
1163 1528 1205 1592 iis

188 1620 334 1700 apparet,
352 1614 418 1679 nisi
436 1637 568 1681 carmen
588 1617 657 1680 eius
676 1616 717 1681 iis
733 1620 847 1682 notum
861 1617 971 1682 fuisse.
1003 1617 1207 1683 Testimonia

188 1707 298 1770 eutem
322 1703 363 1768 sb
387 1702 590 1790 Hieronymo
613 1705 744 1789 prolata
766 1703 847 1771 haec
871 1710 955 1771 sunt.
994 1705 1207 1772 Uberrimum

188 1792 271 1857 illud
290 1796 348 1877 est
368 1792 455 1877 quod
475 1792 513 1857 de
532 1793 611 1858 viris
630 1793 677 1858 ill.
697 1815 722 1858 e.
736 1795 780 1859 84
794 1793 834 1858 de
848 1816 886 1860 eo
901 1793 1027 1859 scribit:
1046 1795 1208 1879 Inrencns,

187 1881 376 1949 nobilissimi
390 1882 511 1966 yeneris
524 1882 693 1966 Hispanus
705 1883 871 1966 presbyter,
889 1887 1035 1966 pncbnor
1050 1884 1209 1966 eoanpetie

187 1971 374 2037 hexametris
390 1971 527 2037 ensibus
542 1992 641 2053 paene
659 1971 842 2036 adverbum
860 1972 1049 2054 tansferens
1061 1977 1209 2054 quatuor

189 2060 284 2126 libros
310 2060 480 2143 conposuit
503 2065 533 2124 et
553 2059 708 2126 nonnnitn
729 2061 831 2126 eodern
853 2066 949 2126 metro
971 2061 1015 2126 ed
1035 2081 1208 2127 sacrornen-

189 2154 292 2215 tornm
328 2148 468 2214 orditam
499 2149 697 2232 pertinentia.
747 2148 878 2215 einen
911 2149 967 2215 snb
1004 2145 1209 2216 Onntantino

183 2237 335 2324 principe.
380 2235 517 2302 Accedit
545 2238 632 2322 quod
658 2235 745 2302 idem
771 2237 808 2302 in
834 2238 987 2304 chronico
1016 2238 1057 2302 ad
1085 2261 1113 2302 a.
1142 2238 1209 2302 329

190 2325 282 2391 dicit:
311 2324 465 2391 Invenens
488 2326 659 2410 presbyter,
691 2327 817 2392 natione
844 2327 1023 2410 Hispanus
1050 2327 1213 2410 eaanyeiia

189 2413 318 2480 berei&
342 2414 488 2480 uersibus
514 2415 655 2498 explieat.
701 2413 771 2480 Iam
799 2414 835 2479 in
861 2416 1004 2481 transitu
1030 2415 1214 2480 Iuvencum

189 2504 225 2568 in
259 2502 401 2588 epistula
433 2503 476 2568 70
508 2502 550 2567 ed
578 2502 736 2590 Magnum
768 2507 933 2569 oratorem
963 2504 1055 2569 urbis
1084 2501 1213 2568 Romae

191 2591 268 2656 deta
301 2590 354 2658 his
386 2591 494 2656 verbis
526 2591 653 2657 laudat:
686 2591 839 2658 Invencns
866 2593 1023 2677 presbyter
1049 2592 1105 2659 snb
1131 2591 1214 2658 Cori

190 2681 328 2746 stentino
350 2679 515 2745 betonem
537 2679 671 2746 Domini
692 2681 858 2747 salvatoris
879 2682 1015 2748 versibm
1037 2681 1216 2763 erpir'cacit,

190 2789 246 2834 nec
257 2770 423 2851 pertimuit
440 2770 590 2852 eounyeiii
606 2771 798 2836 indicentem
815 2771 871 2836 snb
889 2771 980 2836 metri
994 2771 1070 2854 Ieyes
1082 2771 1215 2835 mittere.

189 2855 339 2942 Denique
362 2857 398 2921 in
421 2859 664 2924 commentariis
688 2858 723 2922 in
740 2856 859 2924 Metth.
877 2856 895 2923 I
914 2859 944 2943 2,
970 2859 1009 2923 ll
1029 2857 1081 2923 his
1100 2859 1216 2924 verbis

192 2949 310 3030 poetae
339 2947 538 3012 mentionem
565 2947 660 3013 facit:
687 2946 898 3013 Pritcberrirne
919 2966 1085 3013 mnnernm
1105 2966 1217 3013 sucro-

193 3040 298 3100 nenta
329 3033 482 3102 Iuvencus
508 3037 667 3120 presbyter
697 3057 759 3102 nno
791 3037 937 3104 innecto
969 3036 1217 3120 comprehendit:

197 3123 276 3202 Tris,
303 3143 419 3189 anrurn
447 3127 506 3190 etc.
535 3123 579 3209 (v.
601 3123 619 3188 I
642 3123 708 3190 250
731 3121 780 3210 a).
827 3123 908 3191 Oum
930 3129 1079 3210 tempore
1102 3128 1217 3190 autem

194 3213 236 3278 ab
259 3209 461 3297 Hieronymo
490 3213 668 3278 constituto
697 3213 848 3278 convenit
877 3213 962 3299 quod
990 3211 1151 3279 Iuvencus
1183 3213 1216 3278 in

195 3301 326 3390 epilogo
350 3300 371 3364 l.
395 3299 444 3366 IV
468 3301 534 3367 805
549 3323 591 3367 ss.
614 3301 684 3387 ipse
708 3300 796 3367 dicit.

262 3389 332 3455 Iam
354 3411 474 3455 nomen
492 3390 658 3474 integrum
677 3394 793 3474 poetae
813 3414 851 3456 ex
869 3391 963 3456 libris
981 3389 1220 3473 manuscriptis

196 3477 386 3561 depromere
418 3479 505 3546 licet.
556 3478 665 3546 Oodex
697 3479 782 3546 enim
815 3481 1071 3565 antiquissimus·
1098 3475 1141 3545 0¹
1174 3477 1222 3566 (v.

196 3565 233 3629 de
267 3587 304 3631 eo
337 3564 438 3653 infre)
470 3571 548 3652 post
578 3567 815 3655 praefationem
848 3569 991 3655 spurium
1024 3568 1070 3634 sio
1097 3567 1223 3634 habet:
