2484 4114
445 199 479 257 v.
498 206 648 258 ers-eae.
1006 207 1049 272 99

9 343 199 410 Mandatis
223 344 435 430 precibusque
459 345 565 410 virum
589 367 748 430 suspensa
769 349 917 435 rogabat.
995 366 1047 418 605

11 431 116 498 Tum
140 434 237 499 iudex
260 434 379 499 iterum
401 455 571 519 procerum
596 435 772 520 disquirere
795 441 939 504 mentem

13 521 203 607 Temptat,
227 526 259 587 et
282 521 421 588 instanti
444 527 598 608 cuperent
622 546 717 608 quem
742 526 867 591 solvere
889 549 1004 614 poena,
1076 573 1080 586 .

12 610 143 676 Plebis
168 611 210 676 ad
233 610 406 676 arbitrium
431 611 524 677 mitti·
542 612 581 677 de
604 613 676 699 lege
700 615 844 698 requirit.

16 699 96 764 Sed
120 721 272 787 proceres
296 701 452 784 populum
475 700 551 766 fusa
574 701 752 768 ambitione
775 703 951 789 rogabant,

15 788 211 854 Latronem
235 788 301 874 legi
323 792 472 873 peterent
495 788 727 875 Christumque
749 796 917 876 negarent
997 812 1048 860 610

18 879 73 941 At
101 881 279 962 postquam
301 899 471 962 procerum
494 877 637 944 incendit
660 880 823 946 sententia
845 881 993 967 vulgum,

14 966 251 1050 Latronisque
274 967 359 1051 petit
380 967 490 1052 potius
514 967 579 1032 sibi
602 967 712 1033 cedere
735 969 851 1054 vitam,

18 1053 209 1120 Consuluit
231 1076 363 1140 praeses
386 1055 557 1140 populum,
581 1056 658 1141 quid
681 1058 781 1122 vellet
804 1056 925 1124 Iesum.

17 1143 130 1210 Plebs
154 1145 287 1211 incensa
310 1144 396 1210 malo
421 1165 535 1210 saevos
558 1145 692 1210 miscere
716 1147 892 1231 tumultus,

17 1231 72 1297 Et
98 1232 206 1298 crucis
230 1233 271 1298 ad
293 1253 415 1316 poenas
438 1233 619 1316 iterumque
638 1234 820 1318 iterumque
838 1236 980 1320 petebat,
995 1253 1046 1304 616

20 1320 93 1397 Qui
117 1321 207 1407 regis
230 1342 350 1386 nomen
372 1326 516 1406 cuperet,
540 1321 596 1405 qui
619 1319 768 1388 Caesaris
792 1323 921 1390 hostem

20 1408 211 1475 Confessus
234 1431 304 1476 6666
327 1410 462 1494 proprio
486 1410 688 1476 damnaverit
711 1432 776 1476 ore.

20 1498 181 1582 Denique
203 1500 236 1564 vi
259 1499 365 1565 victus
389 1498 634 1584 detestatusque
656 1504 824 1567 cruentum

21 1586 185 1652 Officium
207 1587 402 1672 increpitans
427 1609 462 1653 se
485 1587 589 1654 libera
612 1589 780 1672 sanguinis
802 1588 899 1656 huius

23 1674 140 1741 Corda
163 1679 273 1740 tenere
297 1676 374 1760 sibi,
398 1698 570 1761 coramque
594 1699 614 1740 a
636 1678 769 1745 crimine
792 1680 918 1763 palmas
994 1696 1045 1748 620

23 1763 163 1849 Abluit,
186 1769 224 1830 ut
247 1765 338 1850 genti
361 1769 492 1831 tantum
515 1765 643 1830 macula
665 1765 724 1830 illa
748 1771 903 1833 maneret.

23 1852 103 1918 Hoc
127 1853 234 1939 magis
258 1854 450 1919 inclamant:
474 1852 581 1937 „Nos,
603 1874 663 1920 nos
688 1875 782 1919 cruor
800 1853 863 1918 iste
882 1859 1046 1941 sequatur,

24 1941 74 2006 Et
100 1963 202 2028 genus
225 1943 261 2007 in
282 1947 431 2008 nostrum
455 1942 559 2008 scelus
582 1941 644 2010 boc
668 1945 701 2006 et
725 1941 821 2026 culpa
843 1941 1028 2008 redundet.“

23 2029 158 2096 Pilatus
182 2031 283 2096 donat
304 2030 395 2115 plebi
417 2030 546 2116 legique
568 2029 744 2096 Barabban

26 2119 74 2184 Et
99 2120 203 2185 crucis
227 2119 268 2185 sd
290 2139 429 2204 poenam
452 2119 557 2185 victus
580 2119 726 2187 concedit
748 2117 865 2184 lesbm.
992 2137 1044 2188 625

76 2207 230 2272 Proditor
254 2209 295 2273 ad
317 2207 428 2292 Iudas,
450 2211 623 2292 postquam
648 2230 682 2274 se
705 2208 787 2272 talia
810 2207 912 2274 cernit

28 2299 175 2378 Accepto
200 2297 330 2363 sceleris
353 2297 460 2381 pretio
483 2295 632 2382 signasse
655 2296 828 2382 furentem,

27 2384 151 2451 Infelix
173 2385 258 2452 veris
283 2384 440 2450 (16166666
464 2407 523 2450 sua
548 2389 642 2471 gesta
665 2386 818 2470 querellis
868 2421 873 2432 ·

28 2474 174 2540 Proiecit
196 2475 321 2559 templo
344 2477 414 2539 tum
438 2474 605 2540 detestans
630 2479 811 2558 argentum.

30 2564 243 2648 Exorsusque
268 2585 343 2629 suas
367 2563 483 2647 laqueo
508 2562 571 2626 sibi
595 2584 721 2628 sumere
744 2583 866 2647 poenas
992 2580 1044 2632 660

29 2651 210 2717 informem
232 2652 342 2736 rapuit
364 2652 445 2718 ficus
469 2651 507 2716 de
531 2652 650 2716 vertice
674 2655 822 2716 mortem.

29 2740 111 2806 Inde
135 2739 331 2825 sacerdotes,
354 2740 495 2826 pretium
520 2739 605 2824 quod
630 2739 797 2824 sanguinis
821 2743 919 2824 esset,

29 2829 195 2895 inlicitum
219 2828 327 2894 fantes
352 2828 459 2914 adytis
483 2827 657 2894 concedere
681 2827 810 2912 templi,

32 2917 126 2994 Quod
149 2916 226 2982 dare
248 2921 320 2984 tum
343 2917 484 3000 licitum,
506 2916 584 2981 dum
607 2916 740 3002 sanguis
764 2916 1008 3002 distraheretur,
1039 2919 1042 2924 ’

33 3005 229 3090 Credebant,
253 3027 369 3092 agrum
393 3005 528 3072 mercati
550 3005 681 3070 nomine
705 3026 781 3070 vero
991 3023 1044 3074 635

34 3093 222 3180 Sanguinis,
244 3094 405 3162 horrendo
429 3095 562 3180 signant
586 3093 708 3158 scelera
731 3094 832 3180 impia
854 3095 951 3174 facto.
1021 3155 1025 3164 ,

106 3273 156 3324 608
174 3268 250 3324 mitti
262 3299 292 3309 -
304 3267 422 3338 requirit
446 3267 618 3337 01016616,
641 3267 774 3324 mittit-
784 3269 888 3336 requiri
902 3269 911 3338 ΙΙ
926 3271 977 3321 610
996 3281 1043 3321 ne-

35 3341 132 3412 garent
150 3338 213 3394 0¹·l
224 3340 250 3394 Τ
256 3339 321 3398 nos
329 3338 421 3407 V¹·¹*‚
440 3342 573 3395 necarent
591 3337 751 3408 (perderent
769 3339 817 3409 M)
832 3341 907 3408 [1611
926 3337 1044 3407 vulgum

37 3409 366 3482 6111611666561856
379 3414 389 3481 l
403 3417 454 3466 613
465 3411 557 3465 lesum
568 3408 758 3476 0¹¹²Mth*,
768 3410 831 3464 Iesu
843 3412 854 3479 ll
868 3407 1043 3464 6116161666-

37 3486 113 3539 verat
122 3482 157 3538 M
167 3484 177 3553 i
191 3488 243 3537 619
258 3482 429 3552 increpitans
440 3481 486 3605 thl
500 3485 552 3536 625
566 3479 692 3536 vinctum
707 3479 823 3549 1111628
837 3478 911 3534 veris
925 3477 969 3545 θ’,
989 3476 1043 3532 eris

37 3556 110 3621 Mul,
128 3551 220 3623 aegris
234 3553 244 3622 ΙΙ
258 3559 310 3608 620
331 3551 470 3609 detestab'
486 3569 501 3608 e
520 3552 597 3620 Mat,
617 3551 772 3606 detestatus
790 3549 861 3606 Rom
870 3547 937 3604 Med

846 3635 883 3691 7*
