2484 4114
198 189 242 264 94
299 167 306 181 ’
382 227 384 230 -
591 199 789 256 ··meee1v.

198 345 263 422 Qui
284 345 407 411 iustum
431 345 539 431 dedet3
562 349 684 430 quanto
707 345 836 412 felicior
858 350 959 431 esset,
1069 390 1096 424 -,

197 433 232 499 Si
254 457 433 519 numquam
455 435 552 499 terris
576 435 742 520 tetigisset
765 435 888 505 lumina
911 435 1035 502 vitsel“

196 523 243 589 Et
264 522 363 588 Iudas
387 524 531 610 graviter
553 526 625 588 tum
649 523 778 588 conseia
799 527 935 608 pectora
956 547 1105 611 pressus,

195 609 403 697 „Numquid
427 613 486 695 ait,
509 610 623 692 Iudam
647 612 725 675 talis
749 612 891 698 suspicio
915 613 1071 700 tangit?“

196 699 378 784 Respondit
400 700 577 765 Dominus:
600 699 665 784 „Te
688 700 771 765 talia
794 701 899 766 dicere
923 703 1047 768 cern0.“
1166 721 1213 770 445

195 786 287 855 Haeo
309 788 367 855 ubi
390 789 491 873 dicta,
515 788 604 873 capit
626 788 745 872 palmis
769 789 833 854 sibi
855 789 1008 876 frangere
1031 813 1172 875 panem,

197 877 411 963 Divisumque
434 878 550 955 dehinc
573 876 675 942 tradit
698 882 874 964 sancteque
896 882 1047 963 precatus

196 967 384 1052 Discipulos
409 966 533 1049 docuit,
555 967 726 1050 proprium
750 966 813 1031 sibi
836 967 951 1032 dedere
974 990 1103 1052 eorpus.

197 1057 284 1121 Hinc
306 1056 439 1122 calicem
464 1054 564 1120 sumit
586 1054 747 1120 Dominus
770 1055 910 1140 vinoque
933 1057 1097 1141 repletum
1179 1085 1183 1092 ·

198 1144 309 1210 Gratis
334 1144 517 1211 sanctificat
538 1143 646 1208 verbis
670 1147 850 1229 potumque
873 1145 1053 1229 ministrat,
1167 1164 1212 1213 450

196 1234 415 1318 Edocuitque,
439 1255 534 1298 suum
557 1254 591 1297 se
615 1232 763 1298 divisisse
787 1254 947 1317 cruorem,
1118 1311 1122 1320 .

196 1321 306 1408 Atque
330 1323 390 1386 ait:
413 1321 501 1406 „Hic
525 1323 659 1408 sanguis
683 1320 795 1406 populi
818 1322 935 1388 delicta
957 1323 1114 1410 redemit3

195 1411 267 1476 Hoc
289 1414 403 1496 potate
426 1433 544 1476 meum.
579 1408 667 1474 Nam
690 1410 774 1475 veris
797 1412 919 1477 credite
942 1411 1052 1497 dietis,

195 1498 277 1565 Post
298 1498 379 1563 haec
401 1519 468 1564 non
491 1521 645 1582 umquam
669 1498 746 1564 vitis
770 1501 910 1585 gustabo
934 1501 1112 1586 liquorem,

194 1588 309 1653 Donec
331 1583 433 1692 regn}
455 1587 560 1681 patris
584 1587 733 1656 melioris
752 1609 884 1654 munere
907 1589 1011 1654 vitae·
1166 1609 1210 1657 455

101 1733 105 1746 .
195 1676 236 1743 In
258 1697 344 1742 nova
367 1697 419 1746 me
443 1697 554 1741 rursus
578 1677 756 1741 concedent
780 1697 912 1762 surgere
935 1677 1038 1744 vina.“

194 1765 283 1832 Exin
306 1769 437 1831 cantato
462 1765 583 1830 sanctis
608 1764 818 1830 concentibus
840 1766 963 1851 hymno

195 1853 317 1921 Montis
342 1854 463 1920 Oliveti
486 1853 706 1920 conscendunt
728 1855 870 1920 culmina
893 1855 1009 1920 cuncti.

195 1943 289 2008 Talia
311 1947 383 2008 tum
406 1940 558 2009 Christus
582 1942 746 2026 depromit
768 1947 901 2027 pectore
924 1943 1037 2010 verba:

194 2031 334 2117 „Omnes
356 2033 523 2117 praesenti
540 2031 651 2096 noctis
675 2053 733 2096 vos
756 2035 905 2116 tempore
928 2033 1025 2118 longe
1162 2051 1210 2100 460

149 2148 157 2162 ·
197 2120 375 2206 Disperget
398 2121 514 2186 misere
539 2120 837 2210 deserto‘prinoipe
860 2125 976 2186 terror.

198 2209 251 2276 Sic
274 2209 393 2292 etenim
417 2209 575 2294 scriptum
600 2211 663 2274 est:
686 2207 832 2274 Pastoris
856 2211 985 2278 casibus
1009 2231 1126 2276 omnes

197 2297 237 2363 In
259 2297 389 2362 diversa
412 2297 524 2382 fugam
548 2297 677 2381 capient
699 2319 767 2382 per·
780 2319 857 2362 rura
881 2298 1036 2366 bidentes.

196 2386 277 2453 Post
299 2387 356 2451 ubi
379 2385 449 2450 vita
471 2407 575 2450 novos
598 2385 680 2450 caeli
703 2385 784 2467 mihi
808 2387 921 2452 reddet
943 2387 1099 2472 honores,

195 2476 408 2542 Praeveniam
431 2479 621 2558 vestrosque
645 2474 762 2539 choros
786 2475 984 2561 genitalibus
1008 2476 1095 2541 arvis
1162 2494 1208 2544 466

195 2564 297 2631 Grata
320 2563 488 2630 Galilaeae
509 2563 651 2628 volitans
674 2585 732 2648 per
755 2585 832 2630 rura
855 2563 1005 2630 docebo.“

195 2653 377 2740 Respondit
399 2652 532 2718 Petrus:
554 2649 720 2737 „Cunctos
726 2703 735 2736 ,
759 2653 786 2716 si
809 2654 939 2718 credere
961 2654 1011 2718 fas
1036 2657 1099 2739 est,

196 2741 291 2820 Quod
312 2746 371 2808 tua
393 2742 543 2808 lubenter
565 2741 700 2825 possint
717 2745 893 2826 praecepta
915 2763 1049 2828 negare,

195 2829 259 2897 Sed
282 2853 355 2896 mea
378 2851 445 2895 non
468 2851 621 2916 umquam
645 2830 786 2898 mutabit
808 2833 941 2914 pectora
963 2830 1086 2896 casus.“

193 2919 257 2986 Ille
281 2918 409 2983 dehine:
433 2918 530 3003 „Nox
552 2919 645 3004 haee,
670 2935 752 3004 quae
775 2919 883 2984 lucida
906 2919 1012 2984 sidera
1035 2921 1136 2986 terris
1159 2938 1206 2988 446

194 3007 325 3073 Induoit
346 3007 515 3092 lucemque
537 3028 687 3092 premens
710 3029 795 3074 nune
818 3007 952 3074 incubat
973 3009 1092 3094 undas,

194 3096 333 3180 Audiet,¹
351 3100 389 3161 ut
411 3095 508 3161 trinis
530 3095 669 3180 pavidus
692 3095 859 3162 mendacia
881 3097 991 3162 verbis

265 3277 317 3326 442
335 3269 435 3326 limina
454 3268 521 3324 0¹13
534 3270 544 3337 l
557 3273 610 3324 446
630 3269 706 3340 capit
724 3269 763 3326 Μ
768 3271 842 3338 Mat,
861 3269 955 3341 coepit
967 3268 1066 3325 TWH
1074 3285 1139 3340 sup.
1150 3273 1205 3340 zia,

194 3343 273 3399 dedit
289 3342 327 3409 0,·
346 3341 455 3411 Koeaiq
468 3341 625 3410 aspiratus
638 3347 685 3408 cet,
700 3347 764 3411 post
776 3343 850 3398 ocae
864 3357 969 3398 vasum
982 3357 1071 3397 msam
1084 3343 1128 3398 ool
1141 3344 1205 3399 duos

193 3415 324 3470 excidisse
337 3415 347 3482 l
360 3418 413 3468 44⁷
428 3413 610 3480 sanctumque
620 3412 691 3467 RV¹
704 3415 714 3482 11
727 3417 780 3467 448
795 3412 888 3481 sioffl,
903 3430 933 3468 se
942 3412 1012 3467 HK
1017 3413 1085 3468 Mat
1093 3415 1205 3484 (edere),

193 3483 247 3538 sibi
259 3487 270 3564 ΙΙ
283 3489 335 3540 463
353 3483 436 3538 Hunc
454 3481 674 3550 ABLT**Hl,
693 3483 775 3538 Nunc
795 3483 830 3538 0³
846 3488 849 3548 Ι
866 3485 965 3553 putate
984 3482 1018 3538 0¹
1032 3486 1110 3554 14460
1129 3502 1205 3556 prae-

195 3556 281 3612 sentis
302 3555 339 3608 M
351 3554 361 3622 l
373 3560 426 3610 467
447 3552 547 3609 Cuncti
560 3553 617 3623 Ml!
630 3559 683 3610 468
701 3553 829 3610 labentes
843 3554 871 3610 R
887 3555 892 3625 Ι
907 3556 1023 3625 possent
1042 3553 1122 3611 (PM
1134 3559 1146 3628 Ι
1157 3563 1203 3613 471
