2532 4114
425 226 710 284 Puonnsomunn.
1036 229 1076 286 XI

58 375 159 453 (saec.
182 374 230 440 XI
253 375 307 440 vel
330 371 424 461 xio:
452 374 516 440 iste
544 373 589 438 lib
617 385 636 438 e
660 385 713 440 sce
739 374 840 440 marie
864 377 891 440 7
915 385 962 439 sci
984 376 1077 441 corbi

57 464 164 548 frisig.
214 463 323 530 Codex
360 463 478 530 litteris
511 462 702 530 minusculis
736 463 876 548 scriptus
909 462 999 528 foliis
1032 464 1075 530 63

56 554 236 620 Iuvencum
258 574 360 638 usque
384 552 424 617 ad
447 551 495 617 IV
516 552 579 618 789
603 551 761 635 continet,
784 551 898 618 sedin
921 553 1075 618 extremis

56 642 149 707 foliis
185 642 284 707 tineis
320 643 436 708 misere
473 663 585 708 erosus
624 644 657 706 et
692 640 780 706 lacer
817 643 875 706 est.
921 639 1074 717 Quamvis

57 732 195 815 scriptio
223 730 342 798 codicis
370 753 437 796 non
461 731 529 797 iam
552 731 707 797 continua
731 729 787 814 sit,
816 732 925 796 tamen
948 730 1076 796 librarii

54 819 149 905 (nam
172 823 240 886 tres
264 823 358 886 erant
381 823 539 904 quantum
562 817 644 904 ridi)
668 817 780 884 multis
804 818 884 884 locis
906 819 1075 884 verbovel

55 931 171 974 versus
199 909 284 976 falso
315 908 533 974 distinxerunt
555 909 654 973 verba
676 911 950 992 transposuerunt
973 908 1076 974 multa

57 998 125 1063 alia
148 997 267 1062 menda
285 997 496 1081 admiserunt,
520 1019 601 1082 quae
620 999 736 1082 postca
753 995 930 1062 maximam
948 1000 1076 1080 partem

56 1109 77 1152 c
111 1086 236 1152 duobus
270 1086 506 1154 correctoribus
540 1085 711 1152 emendata
742 1089 827 1151 sunt.
873 1085 957 1151 Tum
990 1107 1075 1151 com-

56 1175 176 1260 pendia
218 1175 397 1261 scripturae
436 1175 541 1242 multo
580 1174 708 1259 saepius
745 1196 842 1258 quam
878 1174 914 1240 in
951 1173 993 1241 01
1030 1175 1076 1240 in-

55 1264 233 1329 veniuntur
256 1271 290 1329 ct
313 1263 552 1348 orthographia
572 1263 801 1347 neglegentior
824 1265 884 1328 est
921 1260 1075 1346 capitula

56 1353 152 1417 initio
171 1353 303 1437 quidem
321 1352 434 1417 littera
451 1352 474 1416 k
491 1351 528 1414 in
546 1353 693 1436 margine
711 1349 841 1433 adpicta
854 1353 887 1416 et
902 1373 921 1416 a
935 1351 1074 1419 secundo

57 1444 91 1506 et
124 1443 224 1508 tertio
257 1441 394 1506 librario
426 1441 538 1505 littera
569 1439 677 1524 prima
706 1439 865 1506 crassiore
894 1440 1074 1527 signantur.

56 1529 206 1614 Denique
231 1529 409 1596 auctoritas
432 1532 541 1594 textus
559 1551 627 1595 non
644 1532 739 1594 tanta
758 1532 808 1594 est
827 1551 909 1614 quae
928 1530 1073 1596 codicum

57 1619 99 1685 0¹
119 1624 152 1683 et
166 1619 206 1703 R,
226 1641 299 1685 cum
318 1640 550 1703 saepenumero
569 1639 636 1683 non
654 1618 752 1684 modo
771 1618 899 1705 glossas
918 1619 1075 1684 inlocum

56 1709 237 1774 lectionum
273 1709 488 1793 genuinamm
524 1711 670 1793 receptas
707 1729 777 1774 esse
811 1713 982 1793 appareat,
1020 1708 1075 1773 sad

58 1798 159 1864 stiam
186 1801 297 1864 textus
324 1798 374 1863 ita
401 1800 546 1862 mutatus
575 1797 631 1880 sit,
661 1800 699 1861 ut
725 1817 786 1880 pro
810 1797 944 1862 vocibus
967 1797 1074 1862 miuus

59 1887 190 1952 usitatis
218 1886 364 1952 tritiores
394 1885 521 1969 positae
550 1884 630 1966 sint,
658 1905 722 1968 quo
746 1884 877 1970 planius
901 1884 1012 1950 omnia
1033 1886 1076 1950 le-

61 1979 189 2060 gantur.
227 1972 320 2050 Quod
338 1974 452 2038 multis
472 1995 511 2037 ox
530 1972 610 2037 locis
625 1973 832 2057 perspicuum
847 1975 910 2057 est3
930 1977 1074 2040 attamen

58 2086 126 2128 non
153 2061 340 2148 negandum
367 2067 431 2146 est,
460 2061 673 2146 archetypum
696 2061 814 2128 codicis
838 2063 883 2127 M
901 2084 940 2126 ex
963 2063 1075 2128 eodem

59 2153 150 2218 fonte
179 2151 323 2236 fluxisse,
356 2173 395 2216 cx
423 2173 487 2235 quo
514 2150 547 2216 R
573 2154 607 2216 ct
633 2148 684 2216 0¹.
729 2147 845 2235 Itaque
873 2150 1074 2217 adfinitatem

62 2240 208 2307 codicum
236 2240 336 2305 trium
363 2238 720 2325 praestantissimorum
746 2239 808 2305 hoc
830 2243 1004 2306 stemmate
1027 2242 1076 2306 in-

59 2952 153 3018 Unde
177 2950 326 3034 efficitur,
348 2950 452 3016 tribus
475 2950 527 3015 his
546 2950 711 3016 codicibus
730 2948 881 3034 inprimis
902 2971 983 3034 opus
1002 2971 1074 3014 esso

59 3040 101 3106 ad
123 3044 249 3105 textum
272 3039 432 3124 poematis
457 3039 576 3125 glossis
598 3041 632 3104 ct
655 3038 890 3104 additamentis
908 3037 984 3104 hinc
1002 3037 1076 3104 inde

59 3130 274 3213 depravatum
301 3127 508 3214 purgandum
536 3131 583 3213 et,
616 3132 773 3213 quantum
796 3126 868 3192 fieri
891 3128 1014 3210 potest,
1042 3127 1077 3191 in

61 3219 225 3304 integrum
244 3217 490 3284 restituendum.
524 3214 670 3283 Secundo
689 3218 761 3284 loco
781 3215 909 3282 codices
929 3235 1010 3279 saec.
1028 3213 1077 3278 IX

61 3307 202 3393 ponendi
225 3309 258 3372 et
277 3307 318 3370 ad
336 3307 493 3373 lectiones
513 3306 682 3391 archetypi
700 3302 915 3390 explorandas
933 3302 985 3366 val
1004 3322 1078 3366 con·

60 3395 238 3462 firmandas
258 3395 551 3477 adhibendicrant.
585 3392 788 3460 Coniecturis
806 3391 958 3458 consulto
978 3410 1077 3471 quam

61 3484 239 3568 plurimum
258 3483 402 3550 abstinui
421 3489 454 3550 et
471 3484 507 3550 in
524 3484 621 3548 rebus
639 3478 902 3567 orthographicis
918 3478 1077 3558 quantum

7 3639 11 3646 ,
63 3569 168 3639 facere
201 3576 350 3659 poteram
381 3573 577 3659 scripturam
605 3571 750 3638 codicum
777 3564 1079 3647 antiquissimorum
