2532 4114
197 191 241 294 48
622 225 732 282 arena
750 228 784 281 11.

87 443 91 454 ,
200 374 307 451 Quam
330 372 446 458 templi
469 370 583 436 virtus.
620 370 782 455 Caperent
805 371 833 435 si
855 375 990 456 pectora
1012 376 1137 450 vestra,

202 461 295 538 Quod
317 483 383 526 non
407 481 500 525 sacra
521 459 624 542 Deus,
648 460 703 524 sed
728 460 822 524 malit
845 460 938 526 mitia
960 459 1072 545 corda,

200 550 276 615 Non
299 549 367 614 iam
391 571 487 633 saepe
510 549 597 614 viros
622 549 809 614 damnasset
832 547 933 614 factio
957 571 1081 633 saeros,
1171 567 1220 616 ssu

201 639 362 722 Expertes
386 638 509 722 culpae.
547 636 610 702 Sed
632 659 718 704 nunc
741 659 802 724 ego
827 637 966 702 sabbata
990 641 1106 702 cuncta

201 726 326 810 Sponte
350 749 422 792 mea
445 726 615 791 dominans
638 726 721 812 legis
746 726 806 790 sub
829 727 899 790 iure
922 725 1070 791 tenebo.“

247 816 338 882 Tunc
361 815 589 880 conventicula
610 815 757 898 ipsorum
780 819 857 898 post
879 814 959 879 talia
983 815 1070 878 dicte

200 903 402 991 Ingreditur3
425 913 501 968 mox
523 903 576 969 hic
599 903 747 968 iuvenem
770 925 830 988 pro
854 903 965 968 limine
989 903 1107 986 cernit,

203 992 364 1060 Siccatum
389 1015 428 1056 ex
450 1013 561 1056 umero
585 992 637 1056 cui
660 990 787 1074 pondus
810 991 925 1056 inutile
948 991 1077 1073 palmae
1172 1010 1222 1060 585

202 1082 379 1150 Pendebat.
417 1079 480 1146 Sed
503 1083 574 1146 tum
597 1080 692 1144 dictis
716 1081 906 1164 temptando
931 1079 1066 1162 dolosis,

202 1170 322 1256 Aegiis
346 1193 389 1236 an
411 1169 511 1238 liccat
533 1190 591 1254 per
615 1168 753 1234 sabbata
776 1169 861 1233 ferre
884 1168 1071 1252 medellam,

204 1258 383 1343 Quaerunt,
407 1259 551 1324 calcatae
575 1262 612 1323 ut
634 1256 718 1344 legis
742 1256 887 1322 vindicta
909 1259 1065 1322 maneret.

202 1347 353 1413 Christus
378 1346 535 1412 adhaec:
564 1345 729 1430 „Foveam
753 1345 781 1410 si
803 1345 889 1410 forte
913 1345 1085 1430 pecuscula
1108 1351 1224 1412 vestra

202 1435 392 1519 Inciderint,
416 1438 502 1500 certe
525 1434 708 1499 transibitis
732 1435 801 1500 otia
824 1435 905 1518 legis
1171 1452 1223 1500 590

202 1523 249 1590 Et
270 1545 368 1607 pecus
392 1523 532 1609 abrupto
556 1522 679 1605 tolletis
703 1523 767 1586 vile
790 1522 960 1606 profundo.

205 1612 334 1689 Quanto
358 1612 460 1696 igitur
482 1610 578 1676 nobis
602 1609 772 1675 hominum
795 1611 921 1676 curatio
945 1613 1049 1678 maior

203 1700 256 1764 Ad
278 1699 450 1766 benefacta
473 1701 600 1765 animos
623 1699 744 1764 tollens
768 1699 941 1766 accendere
964 1701 1072 1766 debet!

203 1789 295 1876 Ergo
320 1809 380 1874 age
403 1793 454 1873 tu,
477 1787 618 1873 iuvenis,
640 1787 820 1854 redivivam
842 1789 968 1854 tendito
993 1789 1173 1854 dextram.“

206 1876 289 1943 Cum
313 1878 398 1944 dicto
422 1879 568 1964 palmam
592 1900 689 1943 sanus
712 1877 859 1963 porrexit
882 1881 1063 1963 utramque.
1172 1895 1223 1944 595

206 1967 268 2032 His
291 1971 361 2032 tum
384 1988 444 2052 pro
469 1967 587 2052 signis,
611 1988 694 2050 quae
718 1967 771 2031 vix
795 1967 960 2033 veneratio
984 1970 1096 2051 posset

206 2055 358 2119 Mirantis
383 2055 482 2140 digno
505 2054 618 2139 populi
642 2055 815 2120 sustollere
839 2056 942 2139 cultu,

209 2141 363 2208 Conciliis
388 2142 536 2207 trucibus
560 2142 766 2208 conclamant
789 2143 1022 2227 decipiendum.

206 2230 302 2294 Talia
325 2230 524 2315 perspiciens
547 2253 718 2316 procerum
741 2231 911 2296 molimina
933 2231 1098 2314 Christus,

207 2317 385 2384 Discedens
408 2318 508 2383 variis
532 2319 701 2384 hominum
725 2320 939 2404 languoribus
965 2324 1058 2404 aptat
1174 2339 1223 2387 600

208 2405 404 2472 Concessum
427 2407 462 2471 in
483 2408 623 2490 populos
648 2408 757 2490 patria
779 2407 901 2473 virtute
924 2410 1108 2474 medellam.

209 2495 411 2581 Oblatusque
434 2493 568 2579 ibidem,
593 2516 688 2578 quem
712 2495 877 2560 daemonis
901 2497 1035 2561 horrida
1058 2497 1167 2564 virtus

207 2585 252 2651 nt
273 2587 389 2672 lingua
412 2588 445 2650 ct
467 2583 541 2650 visu
563 2586 749 2648 truncatum
771 2582 879 2648 vivere
902 2605 1026 2668 poenae

206 2674 253 2739 Et
275 2674 417 2759 propriis
441 2695 547 2740 escam
571 2672 769 2738 cruciatibus
792 2693 862 2736 esse
885 2672 1025 2738 volebat.

209 2763 306 2828 Hunc
329 2763 385 2828 ubi
408 2768 555 2829 curatum
578 2762 713 2846 visuque
739 2764 771 2825 et
795 2782 873 2826 voce
895 2761 1062 2846 vigentem
1175 2781 1222 2830 uos

212 2849 315 2916 Caeca
337 2851 533 2917 Pharisaeae
557 2851 712 2937 cognovit
733 2850 834 2916 factio
858 2851 980 2935 gentis,

211 2939 388 3005 Daemonis
413 2942 546 3025 auxilio,
571 2941 626 3024 qui
648 2940 799 3024 princeps
823 2938 1069 3005 daemoniorum

212 3025 306 3093 Solus
329 3029 494 3112 nequitiae
517 3031 602 3094 vires
626 3029 753 3094 dicione
776 3033 914 3114 teneret,

213 3116 304 3182 Haec
327 3117 421 3180 illum
443 3116 559 3182 fecisse
582 3118 701 3183 ferunt.
740 3115 802 3183 Sed
825 3119 907 3183 talia
931 3117 1082 3184 Christus

282 3297 334 3348 580
352 3290 410 3346 iam
430 3290 499 3360 01³,
518 3293 579 3346 tam
592 3293 602 3360 l
616 3297 667 3345 594
682 3290 839 3346 redivivam
853 3290 962 3346 tendito
980 3290 1047 3345 0¹A
1061 3292 1164 3361 (prot),
1183 3309 1220 3346 sa·
1242 3267 1243 3300 ³

211 3379 277 3416 nam
297 3361 456 3432 protendito
470 3365 480 3432 l
494 3368 546 3417 tou
565 3363 654 3416 Istum
673 3362 711 3415 M
720 3365 729 3431 ss
748 3367 799 3416 599
818 3361 989 3431 perspiciens
1011 3361 1095 3429 011⁸,
1120 3363 1219 3431 prospi-

211 3434 286 3488 ciens
300 3437 310 3503 l
325 3440 377 3490 600
395 3431 522 3488 Discedit
533 3432 574 3500 01,
589 3431 728 3487 Decidens
738 3431 781 3502 M,
795 3429 947 3486 Discedens
958 3433 985 3486 R
1000 3435 1009 3503 l
1024 3438 1075 3486 602
1094 3449 1158 3486 mox
1171 3448 1219 3502 pro

210 3503 317 3558 ibidem
340 3521 424 3573 quem
444 3504 483 3559 0¹
507 3505 563 3572 (sed
581 3509 664 3558 autea
682 3520 711 3556 se
729 3503 774 3557 illi
792 3508 884 3571 erm),
912 3503 1017 3557 ibidem
1046 3518 1130 3571 quem
1158 3503 1219 3558 Mn

158 3629 162 3634 ,
212 3573 276 3628 Mat
286 3575 353 3641 Met,
372 3574 417 3627 illi
435 3577 478 3630 est
496 3591 579 3643 quem
602 3573 645 3627 V1
664 3573 717 3642 Mp
738 3576 804 3644 (ras.
823 3579 887 3628 aute
905 3574 959 3644 illi)
973 3575 982 3644 [Ι
997 3579 1048 3629 608
1068 3572 1173 3630 ditione
1191 3574 1219 3630 0¹
