2532 4114
185 192 229 256 22
622 195 731 250 uranu
750 197 769 250 1.
821 269 823 272 v

184 342 271 418 Quin
294 360 355 426 ego
379 332 576 422 praecipiant
601 361 728 422 semper
751 339 872 404 blando
895 361 965 404 esse
989 361 1047 424 per
1071 363 1186 407 omnes

184 429 348 511 Obsequio
372 426 594 513 precibusque
608 427 715 492 Deum
738 425 867 491 mollire
890 427 1039 514 benignis

184 517 248 582 Pro
272 515 341 581 5155
363 515 522 601 ipsorum,
546 515 602 600 qui
624 538 682 581 505
706 516 874 581 excindere
898 517 1041 603 gaudent
1147 534 1199 584 555

185 604 405 689 Adversisque
428 607 536 669 truces
560 604 677 669 animis
701 604 848 688 odiisque
872 609 1057 688 sequuntur.

183 692 271 758 Nam
295 695 424 778 genitor
447 696 559 759 noster
582 693 764 758 communia
787 693 910 757 lumina
934 693 1014 758 solis

184 780 443 866 Communesque
467 780 556 846 dedit
577 782 705 866 pluvias
728 781 886 866 iustisque
909 782 1080 866 malisque.

185 871 281 948 Quod
304 871 333 936 si
356 870 545 936 coniunctos
568 875 699 935 tantum
721 891 913 935 veneramur
937 870 1071 954 amicos,

184 960 264 1037 Quis
287 961 378 1025 loeus
401 959 455 1023 hic
478 959 583 1023 iustae
606 959 729 1042 poterit
752 959 909 1024 mercedis
932 959 1068 1023 haberi?
1144 975 1199 1026 570

184 1047 292 1114 Servit
315 1047 477 1113 amicitiae
500 1050 628 1112 tantum
651 1068 730 1133 gens
754 1047 862 1113 dedita
885 1047 992 1112 lucris.

185 1136 247 1202 sed
269 1159 328 1202 505
352 1137 496 1222 perfeeto
520 1135 643 1200 similes
667 1140 772 1200 estote
795 1135 932 1220 parenti.

229 1225 339 1292 Sicubi
361 1225 507 1292 iustitiae
529 1225 689 1310 pandetur
711 1225 848 1309 pulchra
869 1223 1023 1309 facultas,

183 1314 336 1380 Devitate
360 1315 471 1380 oculos
495 1314 677 1398 hominum,
702 1335 778 1379 narn
802 1314 893 1379 nulla
916 1313 1062 1378 manebit

182 1403 320 1486 Merces,
343 1403 506 1486 posterius
531 1423 612 1484 quae
635 1401 759 1466 factum
781 1402 849 1466 tale
873 1405 1034 1486 sequatur.
1144 1418 1198 1467 555

182 1489 370 1573 Adplaudet
393 1491 521 1552 tantum
546 1488 667 1551 sterilis
692 1489 836 1551 laudatio
863 1490 961 1572 vulgi.

184 1576 247 1642 Sed
270 1576 356 1659 quod
380 1575 494 1640 dextra
516 1572 608 1656 facit,
630 1571 744 1658 faciat3
766 1575 890 1639 nescire
914 1575 1080 1640 sinistram

183 1664 375 1747 Conveniet,
399 1663 494 1728 iustis
517 1661 642 1726 meritis
666 1665 737 1726 tum
761 1661 859 1746 digna
882 1662 1037 1746 rependet

184 1753 312 1819 Occulti
335 1753 424 1819 solus
448 1753 611 1816 scrutator
633 1749 779 1834 praemia
801 1749 916 1815 cordis.

229 1841 326 1925 Sunt,
349 1863 430 1927 quos
454 1839 674 1925 praetumidae
698 1837 1199 1925 5011151505055155555515,550

183 1932 229 1997 115
250 1931 402 2017 precibus
425 1929 566 2016 propriis
590 1929 734 2015 gaudent
758 1927 914 1994 adsistere
937 1929 1051 1994 turbas

181 2019 420 2105 Multifluisque
443 2019 529 2083 diem
552 2017 660 2082 verbis
684 2017 829 2082 ducendo
852 2016 1008 2102 fatigant,

184 2107 246 2172 His
270 2107 358 2173 votis
380 2127 520 2192 pompae
542 2105 669 2171 fructus
693 2103 836 2171 succedit
859 2106 975 2172 inanis.

185 2195 249 2262 Sed
272 2199 396 2260 secreta
419 2194 534 2259 domus
557 2194 708 2278 precibus
731 2193 913 2278 penetralia
936 2195 1033 2260 castis

183 2282 385 2350 claudantur
407 2282 583 2367 paucisque
606 2282 712 2346 Deum
735 2281 928 2346 venerabere
951 2282 1067 2348 verbis.
1145 2300 1199 2350 555

186 2372 255 2438 Scit
277 2375 372 2458 pater
395 2371 479 2456 ipsc,
502 2371 552 2434 tui
575 2391 656 2453 quae
680 2369 725 2434 sit
747 2368 922 2453 trepidatio
947 2371 1062 2435 cordis.

182 2461 240 2530 Nil
264 2462 399 2526 absente
422 2458 492 2529 Deo
514 2457 691 2542 loquimur,
714 2457 762 2522 nil
786 2457 897 2523 abdita
920 2461 1066 2524 clausum

183 2550 330 2617 Pectoris
354 2552 449 2614 antra
471 2551 601 2632 tegunt,
623 2567 777 2632 praesens
801 2545 890 2611 Deus
915 2549 1023 2613 omnia
1047 2550 1158 2613 cernit.

183 2639 245 2704 His
269 2640 371 2725 igitur
394 2640 507 2703 votum
529 2637 657 2721 placeat
680 2635 869 2700 concludere
893 2637 1014 2702 verbis:

230 2726 362 2792 Sidereo
387 2726 516 2814 genitor
538 2723 682 2789 residens
705 2725 740 2810 in
762 2724 883 2790 vertice
908 2725 1002 2809 caeli,
1146 2741 1199 2791 550

185 2815 353 2899 Nominis,
376 2835 521 2898 oramus,
543 2813 710 2879 veneratio
735 2813 954 2879 sanctificetur

185 2904 224 2986 In
247 2904 342 2968 nobis
365 2907 459 2988 pater
483 2903 549 2968 alte
571 2903 632 2968 tui:
656 2902 897 2987 tranquillaque
921 2902 1041 2968 mundo

184 2992 349 3057 Adveniet
370 3009 572 3077 regnumque
595 2994 688 3056 tuum
711 2991 767 3054 lux
792 2991 879 3056 alma
901 2989 1076 3056 reclaudat.

258 3187 309 3237 553
338 3197 448 3252 semper
474 3182 580 3236 blando
608 3195 669 3236 esse
700 3181 745 3246 0¹,
777 3180 883 3236 blando
910 3198 1020 3251 semper
1047 3198 1108 3237 5555
1143 3181 1197 3237 Μ*

188 3258 298 3325 (postea
322 3271 381 3309 sem
403 3269 472 3308 eras.
491 3259 517 3308 et
539 3269 571 3305 su
594 3253 699 3318 fuctum
717 3252 778 3332 est),
811 3251 944 3333 blandum
964 3269 1047 3322 super
1066 3270 1126 3308 esse
1144 3253 1197 3378 Rp

190 3333 242 3381 573
266 3324 364 3395 pulcra
388 3322 580 3389 RMotV¹·²,
609 3320 887 3392 55155555555501,
916 3323 991 3376 iusta
1018 3326 1027 3392 [Ι
1055 3327 1106 3378 577
1125 3341 1178 3393 quo

191 3391 545 3460 1555551501515015501,
570 3392 695 3448 -facies
715 3391 756 3459 R,
781 3393 810 3446 te
830 3391 905 3460 quod
924 3392 1022 3450 dextra
1039 3391 1127 3447 facias
1147 3395 1196 3450 M*
1246 3425 1247 3430 1

192 3470 300 3536 (postea
317 3461 1068 3532 551515555551150155.1.551.555)115501555555515
1088 3463 1194 3527 O¹Mut
1246 3465 1247 3492 ³

185 3534 305 3592 iactatio
328 3537 338 3604 1
360 3540 413 3590 ⁶9³
431 3534 480 3590 lux
498 3533 574 3590 arma
589 3532 650 3605 1111111111
671 3531 946 3606 51155111111111111111111111
969 3532 1008 3591 0²
1025 3535 1144 3607 (auam
1161 3543 1198 3594 at
