2532 4114
192 233 234 298 38
568 279 577 286 f
613 231 725 286 nisus
743 231 777 286 n,

193 378 354 443 Ardorem
378 375 549 441 excludent
572 380 706 441 aeterna
729 377 762 440 in
787 377 894 442 saecla
916 376 1056 442 bibendi.

193 465 310 532 Dulcia
333 464 527 550 provenient
548 465 656 530 nostri
680 464 732 530 cui
755 465 873 548 pocula
895 463 1011 550 fontis,

192 553 333 639 Largior
356 552 431 618 inde
454 553 534 620 fluet
557 553 668 620 vitalis
692 553 801 639 gratia
823 553 948 620 fluetus.
998 587 1001 594 ·
1156 573 1204 624 270

192 641 255 707 Sed
279 642 474 708 desiderium
496 647 631 710 nostrae
644 642 683 710 si
705 647 738 706 te
762 642 850 727 capit
874 642 993 726 undae,

192 731 329 796 Excitus
352 732 464 797 veniat
487 737 595 798 tecum
617 753 694 798 mcx
715 731 795 796 urbe
818 730 983 796 maritus.“

192 817 354 907 Coniugio
379 841 449 886 sese
473 821 590 886 mulier
611 825 713 907 negat
737 841 807 885 esse
829 820 1016 886 revinctam.

192 907 282 974 Tunc
306 910 353 975 sic
375 909 585 994 prosequitur
607 909 727 975 mentis
752 913 939 994 perspector
960 909 1067 975 Iesus:

191 996 361 1082 „Femina
386 997 535 1063 veridicis
558 999 701 1083 loqueris
726 997 764 1062 de
788 999 924 1083 coniuge
947 999 1066 1064 verbis.
1157 1016 1207 1066 205

190 1085 278 1151 Nam
301 1090 338 1150 tu
363 1086 510 1152 conubiis
533 1108 616 1154 nexa
640 1109 674 1152 es
697 1087 764 1152 iam
788 1087 929 1172 quinque
952 1087 1111 1173 virorum,

191 1173 289 1240 Nunc
312 1175 421 1240 aliena
444 1197 541 1258 super
563 1176 783 1242 thalamorum
807 1175 935 1241 vincula
957 1176 1077 1242 tollisf‘
1243 1237 1244 1244 ,

191 1263 275 1329 Tum
294 1264 425 1330 mulier:
447 1315 466 1346 „
474 1263 630 1332 Sanctum
648 1268 682 1330 te
701 1268 827 1332 certum
845 1268 896 1330 est
914 1285 984 1330 esse
1003 1266 1207 1351 prophetam.
1243 1261 1244 1276 ³

191 1350 260 1417 Sed.
276 1354 384 1417 nostri
406 1353 501 1420 istius
525 1354 743 1420 venerandum
768 1355 890 1420 montis
912 1353 947 1420 in
971 1375 1043 1420 arce

190 1437 405 1523 Praeceptum
429 1441 526 1506 nobis
552 1442 715 1524 quondam
739 1442 863 1526 liquere
886 1447 1052 1527 parentes,
1155 1459 1213 1510 280

193 1527 240 1591 Α1
262 1547 320 1592 vos
343 1527 377 1590 in
401 1525 544 1608 Solymis
567 1528 726 1592 orandum
751 1529 857 1592 dicitis
882 1529 971 1594 oris“

192 1613 284 1679 Talia
308 1613 429 1678 dicenti
452 1635 528 1678 mox
551 1614 633 1681 talia
655 1614 766 1692 reddit
782 1615 886 1679 Iesus:

192 1703 270 1788 „En
294 1701 399 1767 aderit
421 1706 566 1787 tempus,
589 1703 709 1770 montis
733 1724 807 1768 cum
830 1703 952 1769 vertice
975 1704 1076 1768 vestri

191 1789 350 1857 Omnibus
374 1795 407 1856 et
431 1789 574 1875 Solymis
598 1791 703 1858 aberit
725 1790 891 1856 veneratio
914 1792 1019 1877 longe.

190 1878 253 1946 Sed
276 1903 362 1946 nunc
386 1884 475 1946 certa
499 1881 587 1946 salus
611 1879 740 1946 Iudaeis
757 1884 878 1968 surget
901 1880 942 1946 ab
966 1880 1046 1964 oris,
1156 1898 1212 1949 285

193 1969 240 2035 nt
262 1992 348 2036 nunc
370 1969 524 2036 instantis
548 1991 661 2055 cursus
685 1969 750 2035 iam
774 1969 932 2054 temporis
956 1973 1066 2056 urget,

194 2057 277 2123 Cum
299 2058 369 2124 veri
393 2062 542 2125 sanctum
566 2058 749 2146 genitorem
772 2079 882 2124 errore
905 2064 1031 2124 remoto

196 2145 346 2212 Cultores
370 2147 465 2212 iustis
490 2147 609 2213 armati
632 2147 762 2234 legibus
786 2151 889 2212 orent.

197 2233 340 2319 Spiritus
362 2234 415 2300 his
439 2258 478 2302 ac
499 2236 599 2323 plena
620 2236 702 2302 fides
726 2236 788 2302 erit
812 2239 846 2300 et
868 2239 964 2321 pater
987 2236 1073 2302 altus

192 2322 288 2389 Talia
312 2322 477 2408 conquirit
500 2326 663 2391 cultorum
686 2329 820 2410 pectora
842 2324 967 2390 terris.“
1156 2344 1211 2394 200

190 2411 254 2477 Illa
277 2411 404 2478 dehinc:
426 2410 578 2494 „Scimus
584 2463 593 2494 ‚
617 2413 703 2497 quod
727 2411 877 2478 Christus
900 2414 1034 2478 nuntius
1058 2415 1131 2480 orbi

190 2500 345 2569 Adventu
367 2500 501 2586 proprio
524 2501 642 2567 vitalia
665 2502 796 2567 saecula
817 2501 968 2585 pendet.“

190 2590 237 2656 Et
259 2597 331 2657 tum
354 2592 548 2676 peccantum
571 2591 682 2676 largus
706 2589 879 2654 miserator
901 2589 993 2656 Iesus

194 2675 236 2742 Se
259 2679 371 2744 lumen
393 2679 491 2744 terris
515 2678 684 2746 Christum
707 2677 834 2744 venisse
857 2677 988 2744 fatetur.

192 2765 327 2832 Etiam
352 2767 503 2853 discipuli
526 2768 658 2834 reduces
683 2770 836 2852 stupuere
860 2767 1069 2852 magistrum,
1159 2783 1214 2835 205

194 2853 287 2930 Quod
312 2859 437 2920 secreta
459 2856 526 2921 illis
549 2857 711 2941 potiretur
733 2855 856 2921 femina
880 2856 996 2922 verbis.

193 2939 241 3006 At
262 2963 441 3026 properans
465 2967 580 3010 urnam
603 2946 721 3011 mulier
744 2967 803 3030 pro
827 2945 917 3010 fonte
941 2945 1075 3029 reliquit

193 3029 240 3094 Et
261 3030 420 3115 populum
441 3033 522 3097 totis
546 3035 656 3099 eduxit
680 3035 850 3100 moenibus
873 3033 973 3098 urbis.

195 3115 312 3184 Omnia
334 3140 412 3184 nam
435 3125 609 3205 memorat,
633 3123 764 3188 sibimet
788 3145 935 3187 sermone
958 3122 1139 3207 prophetae

265 3299 318 3350 285
337 3296 434 3365 surget
453 3294 534 3362 0¹M,
554 3295 646 3364 surgit
662 3295 698 3362 R,
717 3296 797 3350 vonit
819 3295 915 3363 V¹Mp
934 3297 1022 3364 lpost
1039 3301 1091 3351 288
1111 3297 1213 3366 legitur

194 3371 219 3420 ct
237 3367 293 3422 dio.
311 3382 363 3422 scr.
381 3383 436 3420 esse
453 3367 485 3420 ic
503 3367 628 3437 marciae
646 3367 833 3436 siqcificatum
851 3371 905 3420 est:
934 3364 1054 3434 Spiritus
1073 3368 1164 3436 atque
1182 3367 1212 3420 fi-

194 3437 243 3492 des
261 3437 354 3492 aderit
372 3435 458 3492 simul
476 3439 505 3492 et
522 3439 605 3506 pater
623 3437 698 3492 altus
718 3435 761 3502 0¹,
779 3437 823 3490 lvio
839 3451 934 3492 cerem
951 3437 1025 3491 sotus
1038 3452 1094 3506 pro
1113 3455 1138 3493 c.
1154 3442 1213 3494 289

151 3549 153 3554 .
191 3507 258 3562 Mat
278 3509 332 3576 ΜΡ
345 3509 355 3576 ΙΙ
368 3513 420 3563 283
440 3507 584 3576 peccantis
603 3506 661 3574 0²11
679 3512 732 3561 294
752 3505 877 3562 Christus
897 3505 931 3560 (1ι
953 3509 963 3577 ss
986 3513 1038 3562 296
1056 3507 1135 3566 illius
1157 3509 1213 3564 M*

190 3574 393 3646 R*V²*Mp*‚
413 3577 470 3630 illis
490 3575 624 3630 M*'¹‘R**
635 3576 679 3644 1⁷¹,
698 3575 743 3632 illi
762 3575 897 3647 O¹Mp³⁸²l
