2484 4114
159 199 202 264 86
577 199 687 256 LIBER
704 199 751 256 IV.

160 343 194 410 si
219 345 316 411 sciret
339 347 463 410 certum
486 343 568 410 furis
591 343 743 409 insistere
766 347 896 430 tempus

159 433 302 518 Quisque
327 434 441 498 domus
465 437 589 516 custos,
611 433 765 519 vigilaret
789 435 821 498 et
846 433 943 500 obvia
965 433 1067 500 ferret
1106 453 1181 503 .1eo

158 523 261 587 Arma
284 522 411 606 procul,
433 525 548 607 ruptas
571 543 612 586 nc
636 521 707 606 quis
730 525 919 606 penetraret
941 523 976 590 in
999 524 1105 590 aedes.

160 609 224 676 Sed
246 631 305 676 vos
328 609 462 676 intentis
487 609 604 678 animis
627 609 777 679 adsistite
801 632 937 695 semper,

157 697 307 784 Namque
330 701 518 784 repentinus
542 698 634 764 vobis
659 699 850 783 subitusque
873 704 1017 766 recurret

158 787 260 853 Filius
283 789 347 853 huc
370 787 511 854 hominis
534 787 631 852 iustis
656 810 715 852 sua
737 788 882 873 praemia
905 811 1047 856 servans.

158 874 220 942 Ille
243 875 347 942 fidelis
371 877 434 942 erit
458 899 583 961 servus,
606 875 658 940 cui
681 877 809 940 credere
832 880 948 942 cuncta
1126 897 1179 946 185

157 965 264 1032 Aedes
289 968 321 1030 et
343 964 485 1030 famulos
509 964 614 1030 voluit
636 987 695 1050 per
717 965 818 1050 longa
840 965 1006 1049 profectus

158 1051 219 1118 Vir
240 1057 336 1139 pater
358 1054 428 1138 ipsc
451 1053 578 1118 domus:
603 1053 732 1138 sapiens
755 1053 957 1138 nimiumque
980 1055 1113 1142 beatus,

159 1141 262 1218 Quem
285 1143 420 1209 veniens
442 1141 602 1208 Dominus
626 1146 810 1208 seruantem
833 1143 922 1208 iussa
944 1143 1076 1210 videbit

158 1229 258 1297 Illum
283 1231 401 1298 maiori
422 1232 582 1298 famulum
606 1230 772 1296 redimibit
793 1231 926 1297 honore.

158 1318 222 1384 Ast
244 1319 303 1386 ille
324 1316 451 1403 infelix,
475 1320 532 1405 qui
554 1319 685 1386 sordida
708 1319 890 1384 luxmiatus
1126 1340 1180 1390 190

158 1407 356 1486 Tardantem
379 1411 588 1492 contempnet
610 1408 739 1492 herum,
762 1407 967 1494 famulosque
989 1409 1142 1496 fatigans

157 1495 357 1563 Verberibus
381 1497 536 1581 segnique
559 1496 731 1582 indulgens
756 1496 912 1562 ebrietati

157 1583 413 1652 Luxuriosorum
436 1585 585 1652 convivia
607 1585 854 1670 concelebrarit3

157 1671 319 1738 Adveniet
343 1674 494 1739 dominus
519 1695 711 1758 servumque
734 1673 866 1738 incauta
888 1673 1052 1740 furentem

156 1761 374 1849 Praecipitem
397 1763 505 1849 dignis
527 1784 706 1848 poenarum
730 1762 875 1827 cladibus
899 1763 1006 1828 abdet.
1126 1783 1180 1832 195

156 1851 254 1917 Illum
275 1857 453 1938 perpetuus
476 1852 570 1917 fletus
594 1850 779 1935 stridorque
802 1851 933 1916 manebi
949 1851 976 1916 .“
1001 1902 1008 1914 .
1179 1857 1182 1864 ’

200 1939 373 2026 „Conferri
395 1944 534 2026 possunt
557 1939 710 2006 caelestia
732 1959 834 2024 regna
857 1941 990 2028 puellis

156 2027 214 2094 Bis
238 2029 359 2116 quinis,
381 2051 459 2114 pars
483 2033 533 2094 est
555 2041 693 2113 quarum
717 2027 895 2112 sapientior
911 2039 996 2112 una,

156 2117 273 2183 Altera
295 2117 508 2202 praestupido
531 2139 608 2203 pars
632 2119 682 2181 est
706 2115 918 2181 stolidissima
942 2117 1045 2182 corde.

158 2205 333 2272 Occurrere
357 2207 435 2272 illae
457 2207 543 2272 votis
569 2204 775 2291 sponsalibus
799 2227 910 2270 omnes
1125 2225 1180 2274 aco

158 2293 285 2359 Ornatu
308 2295 470 2361 accinctae
493 2295 662 2360 taedarum
686 2293 1005 2362 flammicomantum.

157 2380 220 2448 Sed
243 2383 373 2469 sapiens
396 2405 473 2469 pars
497 2384 567 2467 illa,
591 2382 654 2447 sibi
678 2404 741 2467 quo
765 2381 889 2458 lumina
912 2382 1064 2448 flammae

157 2468 356 2558 Susciperet,
378 2475 510 2556 portare
535 2471 633 2535 simul
656 2471 792 2536 curabat
815 2471 947 2536 olivum.

157 2559 340 2628 Stultorum
364 2583 440 2627 vero
463 2583 530 2626 non
553 2563 603 2624 est
625 2559 799 2644 prudentia
821 2559 906 2624 talis.

36 2650 38 2656 '
156 2647 307 2734 Cumque·
325 2653 507 2716 moraretur
532 2671 683 2734 sponsus,
706 2653 776 2712 tum
801 2647 947 2712 membra
970 2669 1089 2732 sopore
1123 2667 1179 2717 205

157 2735 493 2804 Solvuntur'cunotae
516 2761 574 2824 per
597 2735 739 2821 compita
762 2737 831 2800 lata
853 2736 990 2802 viarum.

155 2825 226 2890 Iam
248 2828 355 2892 noctis
378 2828 485 2892 medio
508 2827 631 2892 elamor
654 2825 854 2892 crebrescere
878 2845 1017 2912 magnus

154 2914 327 3000 Exoritur,
350 2915 502 3000 laetoque
525 2913 641 2980 dehinc
664 2935 831 2980 occurrere
854 2916 932 2978 voto

155 3002 337 3068 Admonuit
360 3003 529 3088 taedisque
551 3004 622 3068 vias
647 3024 762 3068 ornare
787 3002 939 3067 coruscis.

156 3089 295 3177 Surgere
318 3091 500 3178 virginibus
523 3095 749 3177 properatum,
772 3095 806 3156 et
828 3091 952 3156 lumina
975 3090 1081 3157 taedis
1122 3109 1177 3158 210

228 3271 279 3322 179
297 3267 414 3322 fures-
424 3265 508 3320 rebus
523 3264 623 3320 MRA
635 3266 645 3334 ΙΙ
660 3270 711 3320 185
731 3267 845 3320 cunctas
861 3263 1002 3318 11119130Β
1015 3265 1026 3334 i
1041 3269 1093 3320 199
1115 3283 1178 3324 sor·

156 3337 221 3392 dide
240 3338 312 3394 ΒΜ
330 3337 339 3408 ΙΙ
365 3343 416 3392 191
436 3339 618 3406 contempnat
635 3336 708 3390 ΒΜ
729 3339 733 3404 Ι
760 3335 883 3405 satiga5t
903 3333 945 3403 0¹,
968 3333 1074 3405 fatiget
1092 3336 1176 3405 ΒΜ,

154 3409 277 3478 fatigans
293 3407 456 3478 unciaru
472 3413 522 3462 193
543 3405 751 3462 concelebraret
761 3405 801 3460 0¹·
811 3407 829 3474 ³,
849 3405 1029 3478 concelebllllllll
1040 3407 1078 3462 Μ
1086 3407 1178 3476 (bra-

81 3533 85 3542 ,
155 3477 198 3532 bit
218 3478 278 3548 θ’),
302 3477 518 3534 concelebrabat
536 3477 576 3546 R,
600 3476 808 3533 concelebrauit
826 3477 891 3532 nat
904 3478 913 3547 ΙΙ
927 3481 980 3530 910
997 3480 1179 3548 properatim

161 3547 317 3619 V¹spnn
331 3550 336 3618 1
352 3549 397 3604 est
415 3548 559 3604 muner
