2532 4114
412 231 521 286 LIBER
538 230 559 288 Ι,
596 231 629 286 V.
650 237 744 287 1-48,

65 379 98 444 Ε
126 379 209 444 caeli
234 378 316 443 solio
340 378 403 442 tibi
425 399 510 442 nunc
532 377 567 440 in
590 378 689 442 verba
711 377 821 442 venire

64 467 239 551 Praecipit
262 470 294 532 ot
318 488 394 531 cara
416 466 478 530 tibi
500 486 576 530 mox
600 488 616 530 e
640 465 776 552 coniuge
798 469 914 530 natum

66 556 261 638 Promittit,
285 555 418 641 grandis
442 576 551 619 rerum
576 555 627 619 cui
651 554 756 640 gloria
778 557 897 637 restat,

67 645 222 710 Plurima
245 645 301 729 qui
323 643 453 729 populis
475 642 637 708 nascendo
662 642 780 728 gaudia
803 646 951 727 quaeret3
1054 659 1088 708 20

70 733 212 798 Sobrius
237 736 418 816 aeternum,
442 733 588 797 clausum
613 753 710 816 quem
734 730 875 816 Spiritus
894 731 975 816 ipsis

70 821 265 886 Visceribus
289 821 403 885 matris
427 820 604 904 complebit
627 820 758 885 numine
781 821 878 885 claro.

70 910 177 975 Istius
199 910 255 974 hie
277 910 391 994 pepuli
413 912 539 992 partem
562 909 751 993 pleramque
775 908 918 974 docendo

70 998 128 1062 Ad
151 1020 264 1063 verum
288 1001 455 1063 convertet
479 997 555 1081 iter,
578 997 819 1082 Dominumque
842 996 1009 1080 Deumque

72 1085 240 1152 Continuo
263 1087 388 1170 primus
411 1089 524 1151 noscet
546 1087 739 1171 plebemque
761 1086 906 1151 novabit.
1054 1101 1088 1150 25

71 1175 218 1241 Nomine
241 1175 419 1240 Iohannem
442 1175 529 1240 hunc
551 1179 588 1239 tu
610 1175 754 1240 vocitare
777 1174 969 1240 mement0.“

73 1263 145 1328 Olli
167 1263 303 1329 confusa
325 1263 493 1348 respondit
517 1266 626 1327 mente
650 1262 812 1328 sacerdos:

76 1352 238 1434 „Aemula
260 1352 431 1436 promissis
456 1351 589 1416 obsistit
611 1350 738 1416 talibus·
756 1355 861 1433 aetas,

73 1440 145 1506 Nec
169 1440 299 1505 senibus
322 1438 409 1505 fetus
432 1440 554 1524 poterit
577 1441 762 1525 contingere
785 1438 893 1523 fessis,

76 1529 182 1606 Quem
206 1529 283 1594 deus
308 1533 457 1594 avertens
480 1529 647 1612 primaevo
671 1529 706 1592 in
728 1527 808 1592 flore
831 1527 992 1614 negavit.“
1055 1545 1090 1594 30

74 1617 167 1682 Haec
189 1616 355 1701 trepidans
379 1621 485 1702 vates3
508 1617 560 1682 cui
583 1617 666 1681 talia
688 1617 820 1682 nuntius
845 1617 949 1681 addit:

75 1705 134 1792 „Si
156 1705 219 1770 tibi
241 1706 388 1771 mortalis
412 1707 559 1771 subolem
583 1705 790 1790 promitteret
813 1706 913 1790 ullae,

77 1794 131 1859 Ad
155 1794 390 1880 desperandum
413 1795 525 1860 forsan
549 1793 712 1858 cunctatio
736 1794 855 1858 mentis

76 1883 246 1948 Debuerat
267 1883 369 1947 tardis
393 1883 531 1947 haerens
554 1882 706 1946 insistere
729 1882 846 1946 verbis.
900 1899 902 1904 ’

77 1970 172 2036 Nunc
196 1992 270 2057 ego,
293 1993 389 2055 quem
412 1969 588 2048 Dominus,
612 1970 693 2035 caeli
706 1972 877 2055 terraeque
891 1973 1047 2056 repertor,
1058 1986 1091 2036 ³5

77 2060 166 2125 Ante
191 2081 267 2125 sues
292 2059 402 2124 vultus
426 2058 531 2124 voluit
553 2081 668 2142 parere
692 2059 890 2141 ministrum,

79 2148 223 2212 Auribus
247 2147 387 2234 ingratis
409 2147 552 2213 hominis
575 2146 711 2231 visuque
734 2152 918 2232 receptus,‘

80 2237 228 2322 Supremi
251 2236 406 2300 mandata
428 2235 490 2300 Dei
513 2237 686 2300 temnenda
708 2237 828 2321 peregi.

80 2325 185 2400 Quare
208 2325 379 2409 promissis
402 2328 513 2390 manet
536 2324 754 2389 inrevocabile
778 2324 911 2408 donum,

81 2412 143 2476 Sed
165 2413 228 2479 tibi
250 2413 418 2478 claudetur
441 2413 573 2499 rapidae
595 2436 659 2479 vox
682 2413 797 2478 nuntia
820 2414 953 2493 mentis,
1056 2431 1091 2478 40

80 2501 191 2566 Donec
214 2505 331 2567 cuncta
352 2502 415 2567 Dei
437 2503 608 2567 firmentur
631 2524 765 2567 munera
788 2501 911 2567 vebis.“

79 2588 169 2654 Haec
192 2591 238 2654 ait
262 2595 294 2655 et
318 2613 387 2655 rese
411 2592 532 2656 teneris
555 2591 721 2656 inmiscuit
744 2591 841 2655 auris.

145 2677 273 2744 Interea
295 2680 436 2763 populus
450 2680 617 2744 miracula
638 2679 738 2763 longa
760 2679 928 2762 trahebat,

82 2766 163 2842 Quid
186 2771 314 2832 tanturn
337 2767 518 2851 intemplo
541 2768 640 2832 vellet
664 2788 790 2831 cessare
814 2768 972 2833 sacerdos.

81 2855 276 2940 Progressus
300 2855 427 2940 trepide
449 2877 571 2938 numen
592 2855 711 2920 vidisse
735 2877 909 2939 supernum
1057 2874 1091 2922 45

81 2942 223 3008 Nutibus
247 2945 375 3010 edocuit
398 2943 536 3008 miserae
559 2947 592 3007 et
616 2944 784 3028 dispendia
807 2945 905 3011 vocis.

81 3032 158 3098 Inde
182 3031 312 3097 domum
336 3036 461 3097 remeat
485 3032 647 3116 completo
671 3054 710 3096 ex
734 3033 845 3098 ordine
867 3037 958 3098 vates

83 3119 209 3201 Officio,
233 3122 451 3204 amissamque
475 3122 586 3185 levant
609 3121 771 3205 promissa
793 3122 985 3208 loquellam3

134 3298 184 3347 23
203 3293 372 3363 plebemque
390 3296 437 3350 sed
453 3294 520 3349 be'
508 3312 540 3349 aa
563 3311 618 3349 res.
635 3295 677 3364 0¹,
695 3296 859 3364 pleramque
877 3297 1093 3358 secreturus,

83 3364 149 3449 pler
168 3365 196 3418 R
218 3365 228 3432 l
255 3370 289 3419 25
308 3364 426 3419 novabit
448 3365 560 3420 V¹Met
548 3367 630 3446 tMp,
656 3365 802 3420 vocabit
791 3384 823 3421 m
840 3383 895 3422 rae.
917 3363 958 3432 0¹,
977 3363 1094 3420 novabit

82 3439 113 3491 ia
129 3453 183 3490 rac.
198 3436 241 3503 M,
258 3435 373 3490 vocabit
390 3435 418 3489 R
432 3437 489 3506 {llo
508 3435 619 3508 trepide
638 3437 676 3490 M
691 3439 702 3504 l
720 3443 754 3492 46
774 3439 804 3490 et
821 3438 885 3491 edd
905 3441 943 3490 est
961 3453 980 3489 a
993 3435 1092 3504 pleris-

15 3527 18 3534 ·
84 3477 463 3633 queeldqlo,'3pi1qerelllMV¹
482 3511 520 3577 (q3
540 3508 651 3576 abeas),
669 3509 733 3574 sort
753 3508 854 3577 lepead
872 3504 1022 3560 miseraet
1035 3506 1045 3574 ΙΙ
1009 3507 1091 3560 447

84 3578 177 3647 ecnple
