2532 4114
171 169 217 234 40
598 166 709 222 LIBER
726 166 760 222 II.

173 313 312 397 Orabat,
335 312 448 377 celeris
473 311 649 395 deposcens
673 311 758 378 dona
782 312 912 397 salutis,

172 401 224 468 Ne
248 401 338 484 prius
362 401 402 466 ad
426 401 528 465 letum
552 403 650 465 natus
674 400 860 465 traheretur
884 402 1047 468 acerbum.
1145 420 1199 470 335

174 489 326 556 Christus
350 489 388 554 ad
413 489 505 554 haee:
535 488 669 574 „Signis
690 490 755 554 nisi
778 489 913 554 suadeat
937 491 1048 555 omnia
1071 492 1199 577 uirtus,

172 577 250 642 Non
274 579 336 642 erit
358 578 427 642 ulla
449 578 544 662 fides3
567 578 624 642 sed
647 599 746 664 perge
770 581 803 642 et
827 579 949 663 sospite
972 580 1041 644 uita

173 666 319 731 Aedibus
342 667 377 731 in
399 666 518 732 vestris
543 667 670 731 dulcem
693 667 907 750 complectere
930 672 1054 734 natum.

172 755 234 820 His
258 755 367 820 uerbis
390 755 532 820 fructum
555 777 631 820 mox
654 760 847 838 perceptura
871 756 987 821 salutis

172 843 314 909 Pulchra
336 843 416 909 fides
440 843 586 908 animum
608 844 745 908 laetanti
768 843 803 907 in
826 847 957 926 pectore
980 845 1100 911 firmat.
1144 864 1199 912 340

173 932 308 1016 lamque
331 932 394 996 iter
416 933 564 1016 ingresso
587 932 838 1016 properantibus
862 933 959 998 obvia
983 936 1086 999 servis

173 1021 300 1086 Nuntia
322 1021 411 1085 fama
433 1021 523 1086 venit
544 1042 708 1104 pueroque
730 1021 766 1084 in
789 1020 922 1086 luminis
946 1043 1020 1087 oras

173 1109 300 1173 Limine
324 1110 363 1174 de
386 1109 501 1174 mortis
525 1108 668 1174 subitam
691 1131 853 1174 remeasse
879 1111 1026 1175 salutem.

174 1197 235 1263 Ille
258 1198 317 1263 ubi
339 1199 506 1283 cognovit,
530 1202 655 1262 certum
679 1219 867 1262 concurrere
890 1202 1019 1284 tempus

175 1287 329 1353 Sanantis
353 1285 478 1352 Christi
500 1286 624 1370 verbis,
648 1308 782 1370 seseque
805 1287 1000 1372 domumque
1144 1305 1201 1354 345

174 1375 342 1460 Mancipat
366 1377 531 1460 amplexus
554 1375 630 1439 fidei
652 1375 835 1440 uenerabile
859 1375 988 1441 donum.

218 1462 317 1528 Forte
341 1463 409 1528 dies
433 1465 538 1548 epulis
562 1464 684 1528 multos
709 1463 891 1529 sociaverat
913 1466 1001 1549 unis,

174 1552 312 1617 Publica
334 1551 501 1618 conductis
518 1553 581 1636 qui
604 1552 779 1638 vectigalia
802 1553 900 1618 lucris

174 1640 321 1706 Professi
343 1640 476 1724 rapiunt
499 1641 607 1706 alieno
631 1640 762 1705 nomine
784 1641 948 1725 praedam.

174 1729 245 1794 Hos
270 1751 343 1794 cum
367 1728 535 1814 discipulis
559 1728 657 1794 simul
680 1729 859 1812 accipiebat
882 1729 984 1795 Iesus.
1144 1750 1201 1800 350

174 1818 260 1884 Ecce
282 1817 452 1883 Pharisaei
476 1819 604 1883 occulto
627 1818 862 1902 reprehendere
885 1817 965 1903 risu,

176 1906 269 1984 Quod
291 1907 375 1992 legis
400 1907 513 1973 doctor
537 1907 686 1972 convivia
708 1906 789 1970 talia
811 1906 918 1970 iniret.

175 1995 235 2060 Ille
260 1996 315 2060 sed
338 1995 512 2078 inspiciens
519 2046 526 2076 ,
550 1995 628 2079 quid
650 1998 784 2078 pectora
806 1995 919 2060 clausa
940 1999 1101 2060 tenerent:
1129 2059 1135 2068 ,

175 2083 288 2167 „Nom
311 2084 429 2168 inquit,
452 2083 585 2148 medicis
610 2105 690 2166 opus
715 2087 777 2168 est,
800 2083 858 2148 ubi
880 2084 978 2150 fortia
1001 2086 1154 2151 membra

175 2172 376 2237 Intemerata
400 2173 488 2236 salus
512 2175 645 2256 vegetat
667 2171 798 2236 virtutis
823 2172 954 2238 honore.
1142 2193 1203 2242 355

176 2261 294 2345 Aegris
319 2261 375 2325 sed
399 2260 515 2324 merito
539 2261 698 2324 miserans
723 2260 907 2325 adhibenda
930 2262 1068 2327 medella
1091 2269 1156 2329 est

176 2348 301 2415 Discite
323 2371 408 2414 nune
432 2349 564 2430 saltem,
587 2349 722 2414 iubeant
746 2349 825 2432 quid
847 2350 947 2414 verba
969 2351 1169 2435 prophetae:

175 2437 251 2503 Non
274 2460 335 2524 ego
359 2459 453 2502 sacra
475 2436 581 2522 magis
605 2459 703 2521 quam
726 2439 820 2502 mitia
842 2442 975 2520 pectora
998 2461 1132 2523 quaero,

175 2526 267 2592 Haut
291 2526 411 2592 etenim
432 2525 538 2590 iustos
561 2527 636 2590 veni
659 2525 700 2590 ad
723 2525 846 2591 directa
868 2527 1011 2611 viantes,

177 2614 240 2681 Sed
263 2637 415 2680 revocare
437 2614 543 2678 malos
566 2618 758 2698 peccantum
781 2637 801 2678 a
823 2615 929 2680 limite
953 2615 1113 2700 gressus.“
1145 2635 1205 2686 360

220 2703 306 2769 Eece
331 2703 388 2768 sed
411 2724 585 2767 enumero
609 2704 787 2767 mirantum
810 2721 947 2768 munera
969 2702 1093 2770 Christi

175 2790 270 2856 Unus
292 2790 448 2856 Iohannis
472 2792 650 2876 quaerebat
673 2791 919 2875 discipulorum,

177 2878 244 2945 Our
265 2879 329 2964 ipsi
353 2879 437 2966 legis
460 2879 580 2944 ieiunia
604 2879 717 2945 crebra
740 2883 889 2944 tenerent

176 2969 340 3054 Nullaque
365 2969 424 3032 sub
449 2967 580 3034 Ohristo
604 2969 714 3052 plebes
738 2969 859 3034 ieiunia
880 2968 991 3034 ferret.

177 3056 327 3123 Christus
351 3057 495 3122 adhaec
518 3060 633 3121 contra
655 3057 783 3140 placido
807 3057 854 3122 sic
877 3079 932 3122 ore
955 3057 1123 3141 profatur:
1145 3079 1205 3130 365

248 3200 299 3251 347
323 3195 386 3250 unis
412 3195 485 3251 0¹M
509 3196 574 3264 (dio.
594 3211 646 3250 sor.
665 3198 744 3263 una),
773 3214 844 3250 unus
862 3196 890 3249 R
904 3197 969 3252 Mae
990 3197 1002 3266 ΙΙ
1023 3201 1076 3250 353
1096 3197 1207 3259 clausa

178 3270 289 3322 ‘saeua‘
309 3267 353 3335 0¹,
372 3282 458 3321 saeva
471 3269 481 3337 l
494 3271 547 3320 356
563 3265 703 3336 ‘viresque
721 3266 876 3322 ministrat‘
891 3265 1004 3321 uirtutis
1023 3269 1135 3324 honore
1157 3274 1205 3344 0¹,
1240 3277 1241 3332 l

177 3339 309 3408 viresque
332 3337 475 3391 ministrat
497 3337 563 3392 Mat
580 3337 634 3406 ΜΡ
652 3339 707 3392 div.
726 3355 778 3392 scr.
796 3339 828 3392 iu
852 3337 901 3405 11¹,
927 3337 1040 3392 virtutis
1062 3338 1181 3400 honore
1196 3348 1206 3419 ll

178 3414 231 3463 366
250 3407 359 3464 miseris
379 3407 500 3476 mma,
519 3407 656 3462 miserans
670 3410 745 3476 11360
764 3406 855 3463 limite
876 3408 910 3464 0¹
925 3409 992 3466 Mat
1005 3408 1058 3478 ΜΡ
1073 3409 1147 3483 Ber,
1167 3417 1206 3471 li-
1240 3413 1241 3426 ¹

176 3492 252 3568 mide
272 3515 315 3582 M,
334 3512 431 3568 limine
