2484 4114
203 223 268 292 100
345 181 348 189 '
622 220 732 276 urens
750 221 796 278 Ν.
897 239 899 242 ·

201 370 291 437 Haec
315 368 478 454 quondam
501 371 654 452 cooperta
678 389 796 432 canens
820 388 883 432 vox
906 389 983 431 vera
1005 367 1198 454 prophetae

203 460 367 525 Eventum
389 477 497 522 rerum
519 455 672 540 patefecit
695 457 730 519 in
754 455 865 521 ordine
890 455 1002 521 saecli:

202 545 342 634 Argenti
365 545 504 630 triginta
527 545 630 609 minas
654 565 791 629 posuere
814 543 946 628 profani

202 636 275 700 Hoc
297 635 440 721 pretium
462 633 599 718 pretiosi
623 633 769 716 corporis
791 633 1015 718 instituentes,
1176 650 1224 699 640

204 724 297 801 Quod
320 744 396 788 mox
420 722 460 787 ad
483 721 577 808 figuli
599 741 712 787 rursus
735 721 932 786 transfertur
956 722 1113 806 agellum.

247 811 400 878 Traditus
425 813 475 876 est
498 811 643 875 trucibus
666 810 771 875 iustus
797 810 993 894 scelerisque
1017 810 1185 876 ministris

202 901 379 968 Militibus:
403 899 561 964 scelerata
584 898 726 963 ludibria
749 919 883 984 corpore
906 899 1050 983 praebet.

201 990 464 1076 Purpureamque
486 986 538 1051 illi
560 987 705 1052 tunicam
727 985 963 1071 clamidemque
986 987 1162 1052 rubentem

184 1079 364 1144 ‘inducunt
386 1076 553 1161 spinisque
577 1079 675 1158 caput
698 1076 825 1141 cinxere
848 1076 1005 1160 cruentis,
1172 1092 1218 1142 646

202 1168 305 1254 Inque
329 1167 433 1232 vicem
457 1164 578 1249 sceptri
602 1164 748 1228 dextram
772 1161 948 1229 comitatur
970 1164 1133 1230 harundo.

202 1256 288 1322 Tum
312 1255 448 1342 genibus
472 1253 540 1318 nixi
562 1273 673 1338 regem
698 1252 928 1336 dominumque
952 1253 1101 1318 salutant

203 1345 341 1411 Iudaeae
366 1343 486 1430 gentis3
509 1341 625 1406 faciem
648 1341 757 1407 lavere
780 1341 892 1406 salivis

203 1433 334 1498 Vertice
358 1431 449 1496 etin
472 1434 585 1496 sancto
608 1428 716 1514 plagis
739 1430 845 1496 lusere
868 1429 1025 1495 nefandis.

248 1521 339 1585 Haec
362 1519 419 1583 ubi
442 1518 604 1604 transegit
628 1517 722 1584 miles
747 1517 889 1583 ludibria
912 1519 1057 1602 demens,
1170 1535 1216 1584 666

203 1609 357 1675 Indutum
380 1607 530 1692 propriae
554 1606 693 1671 ducebat
715 1607 863 1693 tegmina
885 1608 984 1672 vestis

204 1698 250 1765 us
274 1697 377 1762 crucis
401 1695 442 1760 ad
464 1714 604 1779 poenam
629 1698 777 1760 sanctum
800 1696 985 1782 iustumque
1007 1694 1195 1762 trabebant.

204 1785 290 1853 Ecce
314 1786 371 1850 sed
394 1783 518 1871 egressi
541 1782 701 1868 quendam
724 1805 836 1871 cepere
861 1782 1027 1850 Simonem

204 1875 332 1960 Cyrene
356 1873 504 1960 genitum
527 1872 717 1959 lignumque
741 1872 866 1938 adferre
889 1868 1058 1958 iubebant,

205 1964 276 2041 Quo
300 1962 467 2028 dominum
489 1961 572 2026 lucis
596 1961 693 2026 iussis
718 1955 870 2048 suffigere
895 1963 998 2028 saevis
1168 1979 1215 2029 655

204 2052 335 2118 Instans
359 2051 499 2136 urgebat
523 2049 623 2115 saecli
644 2049 847 2114 inmutabilis
871 2051 959 2116 ordo.
1230 2071 1231 2120 l

203 2140 251 2206 At
273 2143 447 2225 postquam
470 2142 603 2204 ventum
626 2141 689 2222 est,
713 2138 769 2203 nbi
791 2139 876 2204 ruris
901 2137 1069 2225 Golgotha
1090 2162 1214 2224 nomeu,

203 2228 406 2294 Permixtum
428 2227 500 2292 felli
523 2227 636 2293 vinum
659 2225 739 2292 dant
761 2228 878 2311 pocula
902 2225 1045 2294 Christo.

204 2316 265 2381 Ille
289 2315 403 2382 sedin
427 2337 553 2381 summo
577 2318 677 2401 gustu
699 2318 840 2381 tractata
862 2321 1004 2400 recusat,

204 2404 274 2471 Nec
297 2407 409 2470 tamen
431 2403 591 2469 insultans
610 2403 780 2470 hominum
798 2403 890 2470 furor
908 2405 1019 2470 omnia
1037 2407 1212 2489 poscitote

205 2494 339 2578 Iamque
364 2491 573 2558 crucifixum
596 2491 759 2576 pendebat
782 2493 817 2557 in
840 2493 955 2560 arbore
979 2516 1113 2579 corpus,

205 2582 418 2667 Intactaeque
441 2580 530 2646 dedit
552 2580 681 2646 tunicae
705 2582 765 2646 sub
790 2585 878 2647 sorte
900 2604 959 2667 per
982 2605 1095 2648 omnes

204 2671 323 2736 Militis
347 2670 442 2735 unius
466 2691 600 2735 servans
626 2690 779 2754 possesso
804 2673 940 2736 textum.

205 2759 251 2825 Et
274 2760 432 2843 scriptum
455 2780 570 2824 causae
593 2758 725 2824 titulum
749 2759 920 2844 meritique
943 2760 1108 2840 locarunt,

105 2857 107 2862 ’
206 2846 300 2924 Quod
323 2869 380 2912 rex
401 2846 540 2913 Iudaeae
563 2847 668 2931 plebis
692 2847 861 2933 gentisque
884 2846 1008 2914 fuisset.
1166 2865 1209 2916 666

205 2934 346 3019 Accidit,
369 2939 407 3000 ut
428 2937 553 3020 pariter
575 2957 698 3020 poenae
722 2937 885 3002 consortia
906 2936 1031 3001 ferrent

277 3079 328 3128 643
348 3073 485 3127 scelerum
502 3074 597 3142 Area,
617 3076 731 3130 sanctus
749 3074 938 3145 6166661646
957 3074 1114 3144 faciemque
1134 3075 1208 3146 0113}

205 3145 301 3200 labare
322 3142 399 3212 Mat,
418 3143 515 3199 lauare
533 3144 568 3198 H
582 3147 607 3213 (r
624 3147 657 3200 iu
673 3147 741 3214 ras.)
760 3145 903 3212 Duocutr„
922 3147 1016 3202 lavere
1028 3146 1051 3200 0
1064 3148 1075 3216 l
1088 3151 1137 3202 661
1157 3151 1210 3218 teg·

205 3216 283 3271 mina
303 3214 346 3284 0¹,
364 3213 517 3284 tegminsll
540 3219 591 3270 659
610 3217 730 3272 tractare
749 3215 838 3271 RTL
848 3216 977 3287 MotMp
996 3218 1136 3288 (trattare)
1157 3221 1209 3274 Ma

205 3288 283 3356 Bor;
301 3293 368 3357 post
390 3287 463 3342 aare
484 3302 509 3340 o.
528 3287 663 3357 sequitu:
686 3287 725 3342 Ut
748 3286 817 3342 satis
840 3287 963 3357 antiquis
983 3289 1063 3343 fieret
1081 3291 1209 3357 pertalis

206 3357 291 3414 dictis
311 3357 344 3426 0,
362 3358 409 3414 sed
426 3358 552 3429 specium
569 3373 624 3412 esse
640 3364 708 3426 puto
720 3361 731 3428 fl
744 3363 798 3413 660
815 3359 906 3428 possit
923 3358 966 3427 dd
984 3358 1075 3428 poss&
1084 3359 1127 3416 a*
1142 3363 1208 3432 (pos-

206 3430 243 3484 sit
261 3427 332 3499 R**)
358 3429 368 3498 [l
395 3434 446 3484 661
470 3427 560 3484 crucis
583 3428 632 3494 M;
652 3434 720 3510 post
736 3429 811 3486 aaa
827 3446 934 3486 versum
951 3433 1084 3487 iuratum
1101 3437 1138 3487 cst
1155 3433 1208 3488 hoc:

205 3499 360 3568 Vestesque
385 3498 491 3556 milites
514 3497 567 3554 1111
585 3500 747 3569 partiuntur
764 3499 793 3554 in
811 3502 905 3570 partes
924 3500 962 3555 M
981 3507 1007 3556 et
1030 3503 1116 3558 simile
1131 3505 1207 3573 quod·

196 3571 270 3644 *dam
287 3571 320 3626 ia
338 3569 373 3625 0¹
391 3571 465 3626 etta
482 3587 568 3642 mara.
588 3568 685 3625 RI'K
700 3576 724 3626 ct
738 3577 844 3641 posto.
863 3575 922 3629 662
943 3571 1051 3627 0³130s
