<?xml version="1.0" encoding="UTF-8"?>
<!DOCTYPE html PUBLIC "-//W3C//DTD XHTML 1.0 Transitional//EN"
    "http://www.w3.org/TR/xhtml1/DTD/xhtml1-transitional.dtd">
<html xmlns="http://www.w3.org/1999/xhtml" xml:lang="en" lang="en">
 <head>
  <title>
</title>
<meta http-equiv="Content-Type" content="text/html;charset=utf-8" />
  <meta name='ocr-system' content='tesseract 3.04.00' />
  <meta name='ocr-capabilities' content='ocr_page ocr_carea ocr_par ocr_line ocrx_word'/>
</head>
<body>
  <div class='ocr_page' id='page_1' title='image "./cvettiaquilinii00marogoog_0097.png"; bbox 0 0 2484 4114; ppageno 0'>
   <div class='ocr_carea' id='block_1_1' title="bbox 165 199 766 266">
    <p class='ocr_par' dir='ltr' id='par_1_1' title="bbox 165 199 766 266">
     <span class='ocr_line' id='line_1_1' title="bbox 165 199 766 266; baseline -0.003 -10"><span class='ocrx_word' id='word_1_1' title='bbox 165 202 192 265; x_wconf 72' lang='grc' dir='ltr'><strong>’Ἰ</strong></span> <span class='ocrx_word' id='word_1_2' title='bbox 196 203 215 266; x_wconf 87' lang='grc'><strong>6</strong></span> <span class='ocrx_word' id='word_1_3' title='bbox 590 201 701 256; x_wconf 79' lang='lat' dir='ltr'><strong>LIBER</strong></span> <span class='ocrx_word' id='word_1_4' title='bbox 708 199 766 255; x_wconf 88' lang='lat'>·111.</span> 
     </span>
    </p>
   </div>
   <div class='ocr_carea' id='block_1_2' title="bbox 154 344 1218 3356">
    <p class='ocr_par' dir='ltr' id='par_1_2' title="bbox 171 344 1075 520">
     <span class='ocr_line' id='line_1_2' title="bbox 173 344 1004 432; baseline -0.002 -20"><span class='ocrx_word' id='word_1_5' title='bbox 173 345 332 432; x_wconf 80' lang='lat' dir='ltr'><strong>Creditur,</strong></span> <span class='ocrx_word' id='word_1_6' title='bbox 354 344 518 411; x_wconf 88' lang='lat' dir='ltr'><strong>infantum</strong></span> <span class='ocrx_word' id='word_1_7' title='bbox 543 367 625 431; x_wconf 88' lang='lat' dir='ltr'><strong>qnae</strong></span> <span class='ocrx_word' id='word_1_8' title='bbox 649 345 726 410; x_wconf 88' lang='lat' dir='ltr'><strong>dicit</strong></span> <span class='ocrx_word' id='word_1_9' title='bbox 749 344 790 410; x_wconf 89' lang='lat' dir='ltr'><strong>ab</strong></span> <span class='ocrx_word' id='word_1_10' title='bbox 814 365 870 408; x_wconf 87' lang='lat' dir='ltr'><strong>ore</strong></span> <span class='ocrx_word' id='word_1_11' title='bbox 893 345 1004 410; x_wconf 83' lang='lat' dir='ltr'><strong>venire</strong></span> 
     </span>
     <span class='ocr_line' id='line_1_3' title="bbox 171 432 1075 520; baseline -0.002 -20"><span class='ocrx_word' id='word_1_12' title='bbox 171 435 366 500; x_wconf 78' lang='lat' dir='ltr'><strong>Lactantem</strong></span> <span class='ocrx_word' id='word_1_13' title='bbox 389 438 423 499; x_wconf 89' lang='lat' dir='ltr'><strong>et</strong></span> <span class='ocrx_word' id='word_1_14' title='bbox 446 434 567 520; x_wconf 89' lang='lat' dir='ltr'><strong>linguis</strong></span> <span class='ocrx_word' id='word_1_15' title='bbox 590 433 670 500; x_wconf 91' lang='lat' dir='ltr'><strong>iusti</strong></span> <span class='ocrx_word' id='word_1_16' title='bbox 692 453 887 519; x_wconf 75' lang='lat' dir='ltr'>consurgere</span> <span class='ocrx_word' id='word_1_17' title='bbox 910 432 1075 500; x_wconf 85' lang='lat' dir='ltr'><strong>laudem.“</strong></span> 
     </span>
    </p>

    <p class='ocr_par' dir='ltr' id='par_1_3' title="bbox 171 521 1218 1032">
     <span class='ocr_line' id='line_1_4' title="bbox 217 521 1140 609; baseline 0.001 -23"><span class='ocrx_word' id='word_1_18' title='bbox 217 522 307 588; x_wconf 88' lang='lat' dir='ltr'><strong>Haeo</strong></span> <span class='ocrx_word' id='word_1_19' title='bbox 331 523 379 588; x_wconf 89' lang='lat' dir='ltr'><strong>ait</strong></span> <span class='ocrx_word' id='word_1_20' title='bbox 400 523 566 609; x_wconf 77' lang='lat' dir='ltr'><strong>ingratam</strong></span> <span class='ocrx_word' id='word_1_21' title='bbox 590 523 740 608; x_wconf 76' lang='lat' dir='ltr'><strong>linquens</strong></span> <span class='ocrx_word' id='word_1_22' title='bbox 764 544 837 587; x_wconf 91' lang='lat' dir='ltr'><strong>cum</strong></span> <span class='ocrx_word' id='word_1_23' title='bbox 860 521 985 587; x_wconf 81' lang='lat' dir='ltr'><strong>civibus</strong></span> <span class='ocrx_word' id='word_1_24' title='bbox 1009 521 1140 588; x_wconf 86' lang='lat' dir='ltr'><strong>urbem</strong></span> 
     </span>
     <span class='ocr_line' id='line_1_5' title="bbox 173 599 1218 696; baseline 0.001 -21"><span class='ocrx_word' id='word_1_25' title='bbox 173 611 432 696; x_wconf 84' lang='lat' dir='ltr'><strong>Bethaniamqnc</strong></span> <span class='ocrx_word' id='word_1_26' title='bbox 454 611 551 696; x_wconf 89' lang='lat' dir='ltr'><strong>petit,</strong></span> <span class='ocrx_word' id='word_1_27' title='bbox 574 611 765 695; x_wconf 84' lang='lat' dir='ltr'><strong>rediensque</strong></span> <span class='ocrx_word' id='word_1_28' title='bbox 788 612 824 676; x_wconf 88' lang='lat' dir='ltr'><strong>in</strong></span> <span class='ocrx_word' id='word_1_29' title='bbox 847 609 995 696; x_wconf 77' lang='lat' dir='ltr'><strong>margine</strong></span> <span class='ocrx_word' id='word_1_30' title='bbox 1019 613 1136 676; x_wconf 88' lang='lat' dir='ltr'><strong>cernit</strong></span> <span class='ocrx_word' id='word_1_31' title='bbox 1217 599 1218 668; x_wconf 78' lang='lat' dir='ltr'><strong>l</strong></span> 
     </span>
     <span class='ocr_line' id='line_1_6' title="bbox 173 698 1205 768; baseline 0.001 -4"><span class='ocrx_word' id='word_1_32' title='bbox 173 698 304 764; x_wconf 84' lang='lat' dir='ltr'><strong>Stratae</strong></span> <span class='ocrx_word' id='word_1_33' title='bbox 326 701 512 766; x_wconf 70' lang='lat' dir='ltr'><strong>tendentem</strong></span> <span class='ocrx_word' id='word_1_34' title='bbox 536 701 653 766; x_wconf 84' lang='lat' dir='ltr'><strong>diffusa</strong></span> <span class='ocrx_word' id='word_1_35' title='bbox 676 699 867 764; x_wconf 86' lang='lat' dir='ltr'><strong>umbracula</strong></span> <span class='ocrx_word' id='word_1_36' title='bbox 889 699 996 768; x_wconf 84' lang='lat' dir='ltr'><strong>ficum.</strong></span> <span class='ocrx_word' id='word_1_37' title='bbox 1153 717 1205 765; x_wconf 81' lang='grc'><strong>666</strong></span> 
     </span>
     <span class='ocr_line' id='line_1_7' title="bbox 171 787 988 875; baseline -0.001 -23"><span class='ocrx_word' id='word_1_38' title='bbox 171 787 246 853; x_wconf 92' lang='lat' dir='ltr'><strong>Illic</strong></span> <span class='ocrx_word' id='word_1_39' title='bbox 268 789 354 854; x_wconf 89' lang='lat' dir='ltr'><strong>forte</strong></span> <span class='ocrx_word' id='word_1_40' title='bbox 378 789 443 854; x_wconf 89' lang='lat' dir='ltr'><strong>eibi</strong></span> <span class='ocrx_word' id='word_1_41' title='bbox 465 793 691 875; x_wconf 71' lang='lat' dir='ltr'><strong>pertemptans</strong></span> <span class='ocrx_word' id='word_1_42' title='bbox 714 788 813 854; x_wconf 88' lang='lat' dir='ltr'><strong>corda</strong></span> <span class='ocrx_word' id='word_1_43' title='bbox 835 788 988 853; x_wconf 82' lang='lat' dir='ltr'><strong>voluntas</strong></span> 
     </span>
     <span class='ocr_line' id='line_1_8' title="bbox 171 876 1218 961; baseline -0.001 -20"><span class='ocrx_word' id='word_1_44' title='bbox 171 877 309 942; x_wconf 77' lang='lat' dir='ltr'><strong>Arboris</strong></span> <span class='ocrx_word' id='word_1_45' title='bbox 333 881 487 944; x_wconf 71' lang='lat' dir='ltr'><strong>attrectet</strong></span> <span class='ocrx_word' id='word_1_46' title='bbox 510 889 633 961; x_wconf 87' lang='lat' dir='ltr'><strong>ramos,</strong></span> <span class='ocrx_word' id='word_1_47' title='bbox 656 878 711 942; x_wconf 88' lang='lat' dir='ltr'><strong>sed</strong></span> <span class='ocrx_word' id='word_1_48' title='bbox 734 877 828 942; x_wconf 91' lang='lat' dir='ltr'><strong>nulla</strong></span> <span class='ocrx_word' id='word_1_49' title='bbox 849 876 990 942; x_wconf 78' lang='lat' dir='ltr'><strong>facultas</strong></span> <span class='ocrx_word' id='word_1_50' title='bbox 1092 895 1111 926; x_wconf 77' lang='lat'>⁸</span> <span class='ocrx_word' id='word_1_51' title='bbox 1217 883 1218 918; x_wconf 65' lang='lat' dir='ltr'><strong>l</strong></span> 
     </span>
     <span class='ocr_line' id='line_1_9' title="bbox 173 965 1027 1032; baseline 0 -2"><span class='ocrx_word' id='word_1_52' title='bbox 173 965 349 1032; x_wconf 88' lang='lat' dir='ltr'><strong>Pomorum</strong></span> <span class='ocrx_word' id='word_1_53' title='bbox 375 967 479 1031; x_wconf 86' lang='lat' dir='ltr'><strong>sterili</strong></span> <span class='ocrx_word' id='word_1_54' title='bbox 502 965 627 1032; x_wconf 82' lang='lat' dir='ltr'><strong>frondis</strong></span> <span class='ocrx_word' id='word_1_55' title='bbox 652 969 860 1031; x_wconf 78' lang='lat' dir='ltr'><strong>concreverat</strong></span> <span class='ocrx_word' id='word_1_56' title='bbox 882 965 1027 1030; x_wconf 87' lang='lat' dir='ltr'><strong>umbrae.</strong></span> 
     </span>
    </p>

    <p class='ocr_par' dir='ltr' id='par_1_4' title="bbox 154 1052 1202 1316">
     <span class='ocr_line' id='line_1_10' title="bbox 154 1052 1150 1146; baseline 0.001 -27"><span class='ocrx_word' id='word_1_57' title='bbox 154 1054 242 1146; x_wconf 39' lang='lat' dir='ltr'><strong>&#39;Olli</strong></span> <span class='ocrx_word' id='word_1_58' title='bbox 265 1052 416 1120; x_wconf 78' lang='lat' dir='ltr'><strong>Christus</strong></span> <span class='ocrx_word' id='word_1_59' title='bbox 440 1055 501 1119; x_wconf 88' lang='lat' dir='ltr'><strong>ait:</strong></span> <span class='ocrx_word' id='word_1_60' title='bbox 524 1054 623 1139; x_wconf 84' lang='lat' dir='ltr'><strong>„Non</strong></span> <span class='ocrx_word' id='word_1_61' title='bbox 646 1057 690 1119; x_wconf 88' lang='lat' dir='ltr'><strong>sit</strong></span> <span class='ocrx_word' id='word_1_62' title='bbox 713 1055 776 1118; x_wconf 89' lang='lat' dir='ltr'><strong>tibi</strong></span> <span class='ocrx_word' id='word_1_63' title='bbox 798 1053 958 1119; x_wconf 88' lang='lat' dir='ltr'><strong>fructibus</strong></span> <span class='ocrx_word' id='word_1_64' title='bbox 982 1076 1150 1139; x_wconf 85' lang='lat' dir='ltr'><strong>umquam</strong></span> 
     </span>
     <span class='ocr_line' id='line_1_11' title="bbox 174 1141 1202 1228; baseline 0.003 -20"><span class='ocrx_word' id='word_1_65' title='bbox 174 1141 277 1228; x_wconf 78' lang='lat' dir='ltr'><strong>Copia</strong></span> <span class='ocrx_word' id='word_1_66' title='bbox 299 1143 514 1228; x_wconf 85' lang='lat' dir='ltr'><strong>promendis.“</strong></span> <span class='ocrx_word' id='word_1_67' title='bbox 550 1143 634 1208; x_wconf 77' lang='lat' dir='ltr'><strong>Turn</strong></span> <span class='ocrx_word' id='word_1_68' title='bbox 657 1143 808 1227; x_wconf 88' lang='lat' dir='ltr'><strong>protinus</strong></span> <span class='ocrx_word' id='word_1_69' title='bbox 831 1141 920 1207; x_wconf 87' lang='lat' dir='ltr'><strong>aruit</strong></span> <span class='ocrx_word' id='word_1_70' title='bbox 942 1142 1052 1208; x_wconf 89' lang='lat' dir='ltr'><strong>arbor.</strong></span> <span class='ocrx_word' id='word_1_71' title='bbox 1148 1161 1202 1211; x_wconf 90' lang='grc'><strong>660</strong></span> 
     </span>
     <span class='ocr_line' id='line_1_12' title="bbox 173 1231 1052 1316; baseline 0 -20"><span class='ocrx_word' id='word_1_72' title='bbox 173 1231 334 1316; x_wconf 76' lang='lat' dir='ltr'><strong>Discipuli</strong></span> <span class='ocrx_word' id='word_1_73' title='bbox 358 1232 496 1299; x_wconf 91' lang='lat' dir='ltr'><strong>celerem</strong></span> <span class='ocrx_word' id='word_1_74' title='bbox 521 1233 682 1298; x_wconf 87' lang='lat' dir='ltr'><strong>mirantur</strong></span> <span class='ocrx_word' id='word_1_75' title='bbox 704 1231 739 1296; x_wconf 90' lang='lat' dir='ltr'><strong>in</strong></span> <span class='ocrx_word' id='word_1_76' title='bbox 763 1231 879 1297; x_wconf 83' lang='lat' dir='ltr'><strong>urbore</strong></span> <span class='ocrx_word' id='word_1_77' title='bbox 902 1235 1052 1297; x_wconf 88' lang='lat' dir='ltr'><strong>mortem.</strong></span> 
     </span>
    </p>

    <p class='ocr_par' dir='ltr' id='par_1_5' title="bbox 174 1319 991 1405">
     <span class='ocr_line' id='line_1_13' title="bbox 174 1319 991 1405; baseline -0.001 -20"><span class='ocrx_word' id='word_1_78' title='bbox 174 1319 237 1385; x_wconf 83' lang='lat' dir='ltr'><strong>Sed</strong></span> <span class='ocrx_word' id='word_1_79' title='bbox 260 1319 411 1386; x_wconf 80' lang='lat' dir='ltr'><strong>Christus</strong></span> <span class='ocrx_word' id='word_1_80' title='bbox 436 1321 576 1405; x_wconf 86' lang='lat' dir='ltr'><strong>stupidis</strong></span> <span class='ocrx_word' id='word_1_81' title='bbox 600 1321 760 1386; x_wconf 89' lang='lat' dir='ltr'><strong>adsistens</strong></span> <span class='ocrx_word' id='word_1_82' title='bbox 783 1320 866 1384; x_wconf 85' lang='lat' dir='ltr'><strong>talia</strong></span> <span class='ocrx_word' id='word_1_83' title='bbox 889 1319 991 1384; x_wconf 86' lang='lat' dir='ltr'><strong>fatur:</strong></span> 
     </span>
    </p>

    <p class='ocr_par' dir='ltr' id='par_1_6' title="bbox 172 1407 1041 1494">
     <span class='ocr_line' id='line_1_14' title="bbox 172 1407 1041 1494; baseline 0.001 -21"><span class='ocrx_word' id='word_1_84' title='bbox 172 1408 291 1492; x_wconf 86' lang='lat' dir='ltr'><strong>„Nunc</strong></span> <span class='ocrx_word' id='word_1_85' title='bbox 314 1409 440 1494; x_wconf 88' lang='lat' dir='ltr'><strong>lignum</strong></span> <span class='ocrx_word' id='word_1_86' title='bbox 463 1410 561 1475; x_wconf 90' lang='lat' dir='ltr'><strong>istius</strong></span> <span class='ocrx_word' id='word_1_87' title='bbox 584 1415 698 1474; x_wconf 87' lang='lat' dir='ltr'><strong>nostro</strong></span> <span class='ocrx_word' id='word_1_88' title='bbox 723 1407 895 1492; x_wconf 88' lang='lat' dir='ltr'><strong>stupuistis</strong></span> <span class='ocrx_word' id='word_1_89' title='bbox 917 1408 1041 1474; x_wconf 88' lang='lat' dir='ltr'><strong>honore</strong></span> 
     </span>
    </p>

    <p class='ocr_par' dir='ltr' id='par_1_7' title="bbox 172 1496 916 1563">
     <span class='ocr_line' id='line_1_15' title="bbox 172 1496 916 1563; baseline 0.001 -2"><span class='ocrx_word' id='word_1_90' title='bbox 172 1496 306 1562; x_wconf 89' lang='lat' dir='ltr'><strong>Desisse</strong></span> <span class='ocrx_word' id='word_1_91' title='bbox 330 1497 372 1562; x_wconf 87' lang='lat' dir='ltr'><strong>ad</strong></span> <span class='ocrx_word' id='word_1_92' title='bbox 394 1497 479 1562; x_wconf 86' lang='lat' dir='ltr'><strong>vires</strong></span> <span class='ocrx_word' id='word_1_93' title='bbox 502 1501 650 1563; x_wconf 89' lang='lat' dir='ltr'><strong>terrenos</strong></span> <span class='ocrx_word' id='word_1_94' title='bbox 674 1498 789 1563; x_wconf 90' lang='lat' dir='ltr'><strong>ducere</strong></span> <span class='ocrx_word' id='word_1_95' title='bbox 813 1518 916 1562; x_wconf 90' lang='lat' dir='ltr'><strong>sucos.</strong></span> 
     </span>
    </p>

    <p class='ocr_par' dir='ltr' id='par_1_8' title="bbox 174 1583 1196 1756">
     <span class='ocr_line' id='line_1_16' title="bbox 174 1583 1196 1672; baseline 0.003 -22"><span class='ocrx_word' id='word_1_96' title='bbox 174 1583 237 1650; x_wconf 86' lang='lat' dir='ltr'><strong>Sed</strong></span> <span class='ocrx_word' id='word_1_97' title='bbox 259 1585 345 1649; x_wconf 87' lang='lat' dir='ltr'><strong>veris</strong></span> <span class='ocrx_word' id='word_1_98' title='bbox 369 1585 478 1650; x_wconf 82' lang='lat' dir='ltr'><strong>verbis</strong></span> <span class='ocrx_word' id='word_1_99' title='bbox 501 1585 681 1672; x_wconf 87' lang='lat' dir='ltr'><strong>iterumque</strong></span> <span class='ocrx_word' id='word_1_100' title='bbox 705 1587 888 1669; x_wconf 89' lang='lat' dir='ltr'><strong>iterumque</strong></span> <span class='ocrx_word' id='word_1_101' title='bbox 912 1585 1066 1650; x_wconf 87' lang='lat' dir='ltr'><strong>monebo:</strong></span> <span class='ocrx_word' id='word_1_102' title='bbox 1143 1604 1196 1653; x_wconf 83' lang='grc'><strong>660</strong></span> 
     </span>
     <span class='ocr_line' id='line_1_17' title="bbox 174 1671 1049 1756; baseline 0.001 -18"><span class='ocrx_word' id='word_1_103' title='bbox 174 1671 325 1756; x_wconf 89' lang='lat' dir='ltr'><strong>Namque</strong></span> <span class='ocrx_word' id='word_1_104' title='bbox 347 1673 428 1738; x_wconf 87' lang='lat' dir='ltr'><strong>fides</strong></span> <span class='ocrx_word' id='word_1_105' title='bbox 453 1675 480 1738; x_wconf 91' lang='lat' dir='ltr'><strong>si</strong></span> <span class='ocrx_word' id='word_1_106' title='bbox 504 1679 593 1739; x_wconf 84' lang='lat' dir='ltr'><strong>certe</strong></span> <span class='ocrx_word' id='word_1_107' title='bbox 615 1675 716 1740; x_wconf 89' lang='lat' dir='ltr'><strong>animi</strong></span> <span class='ocrx_word' id='word_1_108' title='bbox 738 1674 896 1740; x_wconf 87' lang='lat' dir='ltr'><strong>consistet</strong></span> <span class='ocrx_word' id='word_1_109' title='bbox 918 1674 953 1737; x_wconf 90' lang='lat' dir='ltr'><strong>in</strong></span> <span class='ocrx_word' id='word_1_110' title='bbox 976 1695 1049 1739; x_wconf 89' lang='lat' dir='ltr'><strong>arce</strong></span> 
     </span>
    </p>

    <p class='ocr_par' dir='ltr' id='par_1_9' title="bbox 171 1762 1218 1918">
     <span class='ocr_line' id='line_1_18' title="bbox 173 1762 1218 1858; baseline -0.002 -31"><span class='ocrx_word' id='word_1_111' title='bbox 173 1762 243 1827; x_wconf 92' lang='lat' dir='ltr'><strong>Nec</strong></span> <span class='ocrx_word' id='word_1_112' title='bbox 267 1762 374 1828; x_wconf 91' lang='lat' dir='ltr'><strong>dubiis</strong></span> <span class='ocrx_word' id='word_1_113' title='bbox 396 1766 517 1829; x_wconf 86' lang='lat' dir='ltr'><strong>nutans</strong></span> <span class='ocrx_word' id='word_1_114' title='bbox 540 1763 631 1828; x_wconf 86' lang='lat' dir='ltr'><strong>vitiis</strong></span> <span class='ocrx_word' id='word_1_115' title='bbox 653 1762 868 1828; x_wconf 85' lang='lat' dir='ltr'><strong>tremebunde</strong></span> <span class='ocrx_word' id='word_1_116' title='bbox 890 1762 1023 1846; x_wconf 86' lang='lat' dir='ltr'><strong>iacebit,</strong></span> <span class='ocrx_word' id='word_1_117' title='bbox 1217 1787 1218 1858; x_wconf 58' lang='lat' dir='ltr'><strong>q</strong></span> 
     </span>
     <span class='ocr_line' id='line_1_19' title="bbox 171 1851 875 1918; baseline 0 -2"><span class='ocrx_word' id='word_1_118' title='bbox 171 1851 310 1917; x_wconf 88' lang='lat' dir='ltr'><strong>Arboris</strong></span> <span class='ocrx_word' id='word_1_119' title='bbox 333 1851 428 1918; x_wconf 76' lang='lat' dir='ltr'><strong>istius</strong></span> <span class='ocrx_word' id='word_1_120' title='bbox 452 1852 544 1917; x_wconf 87' lang='lat' dir='ltr'><strong>vobis</strong></span> <span class='ocrx_word' id='word_1_121' title='bbox 568 1853 753 1918; x_wconf 85' lang='lat' dir='ltr'><strong>substantie</strong></span> <span class='ocrx_word' id='word_1_122' title='bbox 776 1852 875 1917; x_wconf 89' lang='lat' dir='ltr'><strong>cedet.</strong></span> 
     </span>
    </p>

    <p class='ocr_par' dir='ltr' id='par_1_10' title="bbox 172 1871 1218 2204">
     <span class='ocr_line' id='line_1_20' title="bbox 172 1939 995 2025; baseline -0.004 -21"><span class='ocrx_word' id='word_1_123' title='bbox 172 1939 241 2006; x_wconf 89' lang='lat' dir='ltr'><strong>Nec</strong></span> <span class='ocrx_word' id='word_1_124' title='bbox 264 1944 393 2006; x_wconf 86' lang='lat' dir='ltr'><strong>tanturn</strong></span> <span class='ocrx_word' id='word_1_125' title='bbox 416 1941 525 2025; x_wconf 88' lang='lat' dir='ltr'><strong>istius,</strong></span> <span class='ocrx_word' id='word_1_126' title='bbox 549 1941 605 2006; x_wconf 91' lang='lat' dir='ltr'><strong>sed</strong></span> <span class='ocrx_word' id='word_1_127' title='bbox 628 1941 749 2006; x_wconf 88' lang='lat' dir='ltr'><strong>montis</strong></span> <span class='ocrx_word' id='word_1_128' title='bbox 773 1941 859 2005; x_wconf 89' lang='lat' dir='ltr'><strong>celsa</strong></span> <span class='ocrx_word' id='word_1_129' title='bbox 882 1939 995 2005; x_wconf 86' lang='lat' dir='ltr'><strong>revelli</strong></span> 
     </span>
     <span class='ocr_line' id='line_1_21' title="bbox 173 2005 1218 2114; baseline 0.003 -20"><span class='ocrx_word' id='word_1_130' title='bbox 173 2027 369 2094; x_wconf 82' lang='lat' dir='ltr'><strong>Oredentnm</strong></span> <span class='ocrx_word' id='word_1_131' title='bbox 393 2029 493 2094; x_wconf 82' lang='lat' dir='ltr'><strong>verbo</strong></span> <span class='ocrx_word' id='word_1_132' title='bbox 516 2034 670 2114; x_wconf 85' lang='lat' dir='ltr'><strong>poterunt</strong></span> <span class='ocrx_word' id='word_1_133' title='bbox 692 2029 850 2113; x_wconf 89' lang='lat' dir='ltr'><strong>undisque</strong></span> <span class='ocrx_word' id='word_1_134' title='bbox 873 2027 1027 2114; x_wconf 87' lang='lat' dir='ltr'><strong>profundi</strong></span> <span class='ocrx_word' id='word_1_135' title='bbox 1142 2005 1218 2096; x_wconf 68' lang='lat' dir='ltr'><strong>stol</strong></span> 
     </span>
     <span class='ocr_line' id='line_1_22' title="bbox 172 2115 1017 2204; baseline -0.002 -22"><span class='ocrx_word' id='word_1_136' title='bbox 172 2115 255 2182; x_wconf 84' lang='lat' dir='ltr'><strong>Oum</strong></span> <span class='ocrx_word' id='word_1_137' title='bbox 279 2116 370 2182; x_wconf 82' lang='lat' dir='ltr'><strong>silvis</strong></span> <span class='ocrx_word' id='word_1_138' title='bbox 394 2119 518 2204; x_wconf 82' lang='lat' dir='ltr'><strong>pariter</strong></span> <span class='ocrx_word' id='word_1_139' title='bbox 541 2117 691 2203; x_wconf 87' lang='lat' dir='ltr'><strong>saxisque</strong></span> <span class='ocrx_word' id='word_1_140' title='bbox 713 2117 856 2202; x_wconf 89' lang='lat' dir='ltr'><strong>ferisque</strong></span> <span class='ocrx_word' id='word_1_141' title='bbox 879 2115 1017 2182; x_wconf 89' lang='lat' dir='ltr'><strong>recondi.</strong></span> 
     </span>
    </p>

    <p class='ocr_par' dir='ltr' id='par_1_11' title="bbox 171 2203 1023 2379">
     <span class='ocr_line' id='line_1_23' title="bbox 171 2203 1023 2290; baseline 0.001 -23"><span class='ocrx_word' id='word_1_142' title='bbox 171 2203 218 2268; x_wconf 85' lang='lat' dir='ltr'><strong>Et</strong></span> <span class='ocrx_word' id='word_1_143' title='bbox 241 2226 461 2290; x_wconf 80' lang='lat' dir='ltr'><strong>quaecumque</strong></span> <span class='ocrx_word' id='word_1_144' title='bbox 483 2207 563 2272; x_wconf 90' lang='lat' dir='ltr'><strong>fides</strong></span> <span class='ocrx_word' id='word_1_145' title='bbox 586 2208 721 2273; x_wconf 87' lang='lat' dir='ltr'><strong>robusto</strong></span> <span class='ocrx_word' id='word_1_146' title='bbox 744 2210 875 2290; x_wconf 91' lang='lat' dir='ltr'><strong>pectore</strong></span> <span class='ocrx_word' id='word_1_147' title='bbox 898 2208 1023 2288; x_wconf 86' lang='lat' dir='ltr'><strong>poscet,</strong></span> 
     </span>
     <span class='ocr_line' id='line_1_24' title="bbox 175 2291 962 2379; baseline 0.001 -23"><span class='ocrx_word' id='word_1_148' title='bbox 175 2291 370 2357; x_wconf 83' lang='lat' dir='ltr'><strong>Credentum</strong></span> <span class='ocrx_word' id='word_1_149' title='bbox 395 2315 523 2379; x_wconf 86' lang='lat' dir='ltr'><strong>semper</strong></span> <span class='ocrx_word' id='word_1_150' title='bbox 547 2296 644 2378; x_wconf 88' lang='lat' dir='ltr'><strong>digna</strong></span> <span class='ocrx_word' id='word_1_151' title='bbox 667 2297 789 2361; x_wconf 81' lang='lat' dir='ltr'><strong>virtute</strong></span> <span class='ocrx_word' id='word_1_152' title='bbox 811 2294 962 2359; x_wconf 88' lang='lat' dir='ltr'><strong>tenebit.“</strong></span> 
     </span>
    </p>

    <p class='ocr_par' dir='ltr' id='par_1_12' title="bbox 170 2380 1192 2913">
     <span class='ocr_line' id='line_1_25' title="bbox 218 2380 1148 2470; baseline 0.002 -24"><span class='ocrx_word' id='word_1_153' title='bbox 218 2381 309 2447; x_wconf 92' lang='lat' dir='ltr'><strong>Haec</strong></span> <span class='ocrx_word' id='word_1_154' title='bbox 332 2382 389 2447; x_wconf 89' lang='lat' dir='ltr'><strong>ubi</strong></span> <span class='ocrx_word' id='word_1_155' title='bbox 413 2382 500 2448; x_wconf 89' lang='lat' dir='ltr'><strong>dicta</strong></span> <span class='ocrx_word' id='word_1_156' title='bbox 523 2383 621 2462; x_wconf 90' lang='lat' dir='ltr'><strong>dedit,</strong></span> <span class='ocrx_word' id='word_1_157' title='bbox 643 2385 759 2470; x_wconf 88' lang='lat' dir='ltr'><strong>templi</strong></span> <span class='ocrx_word' id='word_1_158' title='bbox 783 2405 817 2448; x_wconf 90' lang='lat' dir='ltr'><strong>se</strong></span> <span class='ocrx_word' id='word_1_159' title='bbox 840 2382 1011 2449; x_wconf 87' lang='lat' dir='ltr'><strong>moenibus</strong></span> <span class='ocrx_word' id='word_1_160' title='bbox 1034 2380 1148 2448; x_wconf 85' lang='lat' dir='ltr'><strong>infert</strong></span> 
     </span>
     <span class='ocr_line' id='line_1_26' title="bbox 175 2467 1192 2556; baseline 0.005 -22"><span class='ocrx_word' id='word_1_161' title='bbox 175 2467 355 2537; x_wconf 82' lang='lat' dir='ltr'><strong>Confestim</strong></span> <span class='ocrx_word' id='word_1_162' title='bbox 378 2491 528 2555; x_wconf 87' lang='lat' dir='ltr'><strong>proceres</strong></span> <span class='ocrx_word' id='word_1_163' title='bbox 550 2473 665 2556; x_wconf 93' lang='lat' dir='ltr'><strong>populi</strong></span> <span class='ocrx_word' id='word_1_164' title='bbox 687 2473 845 2538; x_wconf 86' lang='lat' dir='ltr'><strong>miracula</strong></span> <span class='ocrx_word' id='word_1_165' title='bbox 868 2493 975 2536; x_wconf 88' lang='lat' dir='ltr'><strong>rerum</strong></span> <span class='ocrx_word' id='word_1_166' title='bbox 1138 2489 1192 2539; x_wconf 76' lang='lat'><strong>675</strong></span> 
     </span>
     <span class='ocr_line' id='line_1_27' title="bbox 172 2557 1039 2646; baseline -0.001 -21"><span class='ocrx_word' id='word_1_167' title='bbox 172 2557 312 2626; x_wconf 80' lang='lat' dir='ltr'><strong>Collecti</strong></span> <span class='ocrx_word' id='word_1_168' title='bbox 334 2560 517 2646; x_wconf 82' lang='lat' dir='ltr'><strong>inquirunt,</strong></span> <span class='ocrx_word' id='word_1_169' title='bbox 540 2560 644 2626; x_wconf 84' lang='lat' dir='ltr'><strong>virtus</strong></span> <span class='ocrx_word' id='word_1_170' title='bbox 669 2583 751 2646; x_wconf 86' lang='lat' dir='ltr'><strong>quae</strong></span> <span class='ocrx_word' id='word_1_171' title='bbox 772 2565 867 2626; x_wconf 89' lang='lat' dir='ltr'><strong>tante</strong></span> <span class='ocrx_word' id='word_1_172' title='bbox 890 2559 1039 2625; x_wconf 84' lang='lat' dir='ltr'><strong>dedisset</strong></span> 
     </span>
     <span class='ocr_line' id='line_1_28' title="bbox 173 2646 1044 2732; baseline -0.001 -20"><span class='ocrx_word' id='word_1_173' title='bbox 173 2646 256 2713; x_wconf 89' lang='lat' dir='ltr'><strong>Ollis</strong></span> <span class='ocrx_word' id='word_1_174' title='bbox 280 2647 431 2715; x_wconf 80' lang='lat' dir='ltr'><strong>Christus</strong></span> <span class='ocrx_word' id='word_1_175' title='bbox 455 2650 514 2716; x_wconf 88' lang='lat' dir='ltr'><strong>ait:</strong></span> <span class='ocrx_word' id='word_1_176' title='bbox 536 2648 794 2732; x_wconf 81' lang='lat' dir='ltr'><strong>„Quaerentibus</strong></span> <span class='ocrx_word' id='word_1_177' title='bbox 819 2649 929 2714; x_wconf 87' lang='lat' dir='ltr'><strong>omnia</strong></span> <span class='ocrx_word' id='word_1_178' title='bbox 951 2647 1044 2713; x_wconf 81' lang='lat' dir='ltr'><strong>vobis</strong></span> 
     </span>
     <span class='ocr_line' id='line_1_29' title="bbox 170 2735 1053 2824; baseline 0 -24"><span class='ocrx_word' id='word_1_179' title='bbox 170 2735 287 2801; x_wconf 87' lang='lat' dir='ltr'><strong>Dicere</strong></span> <span class='ocrx_word' id='word_1_180' title='bbox 311 2738 377 2802; x_wconf 88' lang='lat' dir='ltr'><strong>ianr</strong></span> <span class='ocrx_word' id='word_1_181' title='bbox 399 2737 496 2804; x_wconf 87' lang='lat' dir='ltr'><strong>facile</strong></span> <span class='ocrx_word' id='word_1_182' title='bbox 520 2742 584 2824; x_wconf 80' lang='lat' dir='ltr'><strong>est⁷</strong></span> <span class='ocrx_word' id='word_1_183' title='bbox 608 2739 636 2804; x_wconf 91' lang='lat' dir='ltr'><strong>si</strong></span> <span class='ocrx_word' id='word_1_184' title='bbox 657 2739 753 2805; x_wconf 89' lang='lat' dir='ltr'><strong>nobis</strong></span> <span class='ocrx_word' id='word_1_185' title='bbox 776 2743 886 2803; x_wconf 83' lang='lat' dir='ltr'><strong>vestra</strong></span> <span class='ocrx_word' id='word_1_186' title='bbox 909 2737 1053 2803; x_wconf 87' lang='lat' dir='ltr'><strong>vicissim</strong></span> 
     </span>
     <span class='ocr_line' id='line_1_30' title="bbox 172 2824 944 2913; baseline 0.003 -25"><span class='ocrx_word' id='word_1_187' title='bbox 172 2824 369 2890; x_wconf 87' lang='lat' dir='ltr'><strong>Percontcta</strong></span> <span class='ocrx_word' id='word_1_188' title='bbox 391 2827 482 2910; x_wconf 91' lang='lat' dir='ltr'><strong>prius</strong></span> <span class='ocrx_word' id='word_1_189' title='bbox 505 2828 619 2913; x_wconf 85' lang='lat' dir='ltr'><strong>paucis</strong></span> <span class='ocrx_word' id='word_1_190' title='bbox 644 2827 805 2894; x_wconf 88' lang='lat' dir='ltr'><strong>sententia</strong></span> <span class='ocrx_word' id='word_1_191' title='bbox 829 2827 944 2892; x_wconf 87' lang='lat' dir='ltr'><strong>solvat.</strong></span> 
     </span>
    </p>

    <p class='ocr_par' dir='ltr' id='par_1_13' title="bbox 171 2910 1188 3091">
     <span class='ocr_line' id='line_1_31' title="bbox 171 2910 1188 3002; baseline 0.005 -25"><span class='ocrx_word' id='word_1_192' title='bbox 171 2910 287 2997; x_wconf 90' lang='lat' dir='ltr'><strong>Nuper</strong></span> <span class='ocrx_word' id='word_1_193' title='bbox 310 2912 487 2996; x_wconf 86' lang='lat' dir='ltr'><strong>Iohannes,</strong></span> <span class='ocrx_word' id='word_1_194' title='bbox 509 2938 591 2999; x_wconf 90' lang='lat' dir='ltr'><strong>puro</strong></span> <span class='ocrx_word' id='word_1_195' title='bbox 615 2917 671 3002; x_wconf 89' lang='lat' dir='ltr'><strong>qui</strong></span> <span class='ocrx_word' id='word_1_196' title='bbox 693 2918 824 3002; x_wconf 79' lang='lat' dir='ltr'><strong>gurgite</strong></span> <span class='ocrx_word' id='word_1_197' title='bbox 846 2915 929 2980; x_wconf 83' lang='lat' dir='ltr'><strong>lavit</strong></span> <span class='ocrx_word' id='word_1_198' title='bbox 1138 2933 1188 2982; x_wconf 82' lang='grc'><strong>660</strong></span> 
     </span>
     <span class='ocr_line' id='line_1_32' title="bbox 171 3000 965 3091; baseline -0.001 -23"><span class='ocrx_word' id='word_1_199' title='bbox 171 3000 345 3068; x_wconf 84' lang='lat' dir='ltr'><strong>Sordentes</strong></span> <span class='ocrx_word' id='word_1_200' title='bbox 369 3003 482 3087; x_wconf 90' lang='lat' dir='ltr'><strong>populi</strong></span> <span class='ocrx_word' id='word_1_201' title='bbox 504 3005 662 3091; x_wconf 83' lang='lat' dir='ltr'><strong>mucules,</strong></span> <span class='ocrx_word' id='word_1_202' title='bbox 685 3005 795 3071; x_wconf 87' lang='lat' dir='ltr'><strong>divina</strong></span> <span class='ocrx_word' id='word_1_203' title='bbox 816 3007 965 3088; x_wconf 90' lang='lat' dir='ltr'><strong>potestas</strong></span> 
     </span>
    </p>

    <p class='ocr_par' dir='ltr' id='par_1_14' title="bbox 170 3088 1008 3174">
     <span class='ocr_line' id='line_1_33' title="bbox 170 3088 1008 3174; baseline 0.001 -20"><span class='ocrx_word' id='word_1_204' title='bbox 170 3089 225 3154; x_wconf 82' lang='lat' dir='ltr'><strong>An</strong></span> <span class='ocrx_word' id='word_1_205' title='bbox 247 3088 398 3156; x_wconf 51' lang='lat' dir='ltr'><strong>hominis¹</strong></span> <span class='ocrx_word' id='word_1_206' title='bbox 413 3091 523 3174; x_wconf 91' lang='lat' dir='ltr'><strong>potius</strong></span> <span class='ocrx_word' id='word_1_207' title='bbox 546 3093 639 3158; x_wconf 83' lang='lat' dir='ltr'><strong>vobis</strong></span> <span class='ocrx_word' id='word_1_208' title='bbox 662 3093 795 3160; x_wconf 90' lang='lat' dir='ltr'><strong>fallacia</strong></span> <span class='ocrx_word' id='word_1_209' title='bbox 817 3093 889 3158; x_wconf 81' lang='lat' dir='ltr'><strong>vise</strong></span> <span class='ocrx_word' id='word_1_210' title='bbox 912 3090 1008 3156; x_wconf 65' lang='grc' dir='ltr'><strong>6666α</strong></span> 
     </span>
    </p>

    <p class='ocr_par' dir='ltr' id='par_1_15' title="bbox 170 3177 1182 3356">
     <span class='ocr_line' id='line_1_34' title="bbox 171 3177 1028 3266; baseline 0.001 -23"><span class='ocrx_word' id='word_1_211' title='bbox 171 3177 262 3244; x_wconf 84' lang='lat' dir='ltr'><strong>Haec</strong></span> <span class='ocrx_word' id='word_1_212' title='bbox 286 3177 333 3243; x_wconf 89' lang='lat' dir='ltr'><strong>ait</strong></span> <span class='ocrx_word' id='word_1_213' title='bbox 358 3179 493 3265; x_wconf 86' lang='lat' dir='ltr'><strong>ancipiti</strong></span> <span class='ocrx_word' id='word_1_214' title='bbox 516 3181 689 3247; x_wconf 84' lang='lat' dir='ltr'><strong>verborum</strong></span> <span class='ocrx_word' id='word_1_215' title='bbox 711 3183 853 3266; x_wconf 88' lang='lat' dir='ltr'><strong>pondere</strong></span> <span class='ocrx_word' id='word_1_216' title='bbox 876 3181 1028 3247; x_wconf 74' lang='lat' dir='ltr'><strong>claudens</strong></span> 
     </span>
     <span class='ocr_line' id='line_1_35' title="bbox 170 3265 1182 3356; baseline 0.003 -24"><span class='ocrx_word' id='word_1_217' title='bbox 170 3265 371 3353; x_wconf 70' lang='lat' dir='ltr'><strong>captantum</strong></span> <span class='ocrx_word' id='word_1_218' title='bbox 385 3289 557 3354; x_wconf 87' lang='lat' dir='ltr'><strong>procerum</strong></span> <span class='ocrx_word' id='word_1_219' title='bbox 576 3274 733 3356; x_wconf 79' lang='lat' dir='ltr'><strong>mentem3</strong></span> <span class='ocrx_word' id='word_1_220' title='bbox 753 3291 830 3336; x_wconf 89' lang='lat' dir='ltr'><strong>nam</strong></span> <span class='ocrx_word' id='word_1_221' title='bbox 849 3291 970 3356; x_wconf 88' lang='lat' dir='ltr'><strong>magna</strong></span> <span class='ocrx_word' id='word_1_222' title='bbox 988 3268 1182 3354; x_wconf 85' lang='lat' dir='ltr'><strong>prophetam</strong></span> 
     </span>
    </p>
   </div>
   <div class='ocr_carea' id='block_1_3' title="bbox 169 3406 1182 3618">
    <p class='ocr_par' dir='ltr' id='par_1_16' title="bbox 169 3406 1182 3618">
     <span class='ocr_line' id='line_1_36' title="bbox 242 3406 1182 3478; baseline 0.004 -16"><span class='ocrx_word' id='word_1_223' title='bbox 242 3413 293 3462; x_wconf 84' lang='grc'><strong>661</strong></span> <span class='ocrx_word' id='word_1_224' title='bbox 314 3406 434 3464; x_wconf 81' lang='lat' dir='ltr'><strong>Creditis</strong></span> <span class='ocrx_word' id='word_1_225' title='bbox 452 3407 481 3462; x_wconf 83' lang='lat' dir='ltr'><em>R</em></span> <span class='ocrx_word' id='word_1_226' title='bbox 492 3407 529 3462; x_wconf 70' lang='lat'><strong>1⁷²</strong></span> <span class='ocrx_word' id='word_1_227' title='bbox 547 3409 558 3478; x_wconf 92' lang='grc' dir='ltr'><strong>ΙΙ</strong></span> <span class='ocrx_word' id='word_1_228' title='bbox 575 3413 627 3464; x_wconf 75' lang='grc'><strong>662</strong></span> <span class='ocrx_word' id='word_1_229' title='bbox 646 3407 812 3464; x_wconf 76' lang='lat' dir='ltr'><strong>Lactantem</strong></span> <span class='ocrx_word' id='word_1_230' title='bbox 834 3407 934 3463; x_wconf 73' lang='lat' dir='ltr'><strong><em>MR**</em></strong></span> <span class='ocrx_word' id='word_1_231' title='bbox 948 3410 958 3477; x_wconf 83' lang='grc' dir='ltr'><strong>ΙΙ</strong></span> <span class='ocrx_word' id='word_1_232' title='bbox 976 3413 1028 3462; x_wconf 87' lang='grc'><strong>660</strong></span> <span class='ocrx_word' id='word_1_233' title='bbox 1047 3407 1132 3463; x_wconf 83' lang='lat' dir='ltr'><strong>arbor</strong></span> <span class='ocrx_word' id='word_1_234' title='bbox 1151 3409 1182 3466; x_wconf 74' lang='lat'><strong>0¹</strong></span> 
     </span>
     <span class='ocr_line' id='line_1_37' title="bbox 169 3477 1180 3579; baseline 0.004 -47"><span class='ocrx_word' id='word_1_235' title='bbox 169 3477 250 3533; x_wconf 77' lang='grc' dir='ltr'><strong>ΑΗΖ</strong></span> <span class='ocrx_word' id='word_1_236' title='bbox 260 3478 299 3548; x_wconf 72' lang='lat' dir='ltr'><strong>Sp</strong></span> <span class='ocrx_word' id='word_1_237' title='bbox 312 3480 322 3547; x_wconf 73' lang='lat' dir='ltr'><strong>l!</strong></span> <span class='ocrx_word' id='word_1_238' title='bbox 335 3484 387 3534; x_wconf 85' lang='grc'><strong>663</strong></span> <span class='ocrx_word' id='word_1_239' title='bbox 406 3477 478 3579; x_wconf 72' lang='lat' dir='ltr'><strong>ligni</strong></span> <span class='ocrx_word' id='word_1_240' title='bbox 497 3481 583 3545; x_wconf 78' lang='lat' dir='ltr'><strong>codd,</strong></span> <span class='ocrx_word' id='word_1_241' title='bbox 601 3479 712 3548; x_wconf 82' lang='lat' dir='ltr'><strong>lignum</strong></span> <span class='ocrx_word' id='word_1_242' title='bbox 723 3480 928 3547; x_wconf 69' lang='grc'><strong>160660611666</strong></span> <span class='ocrx_word' id='word_1_243' title='bbox 946 3479 1050 3532; x_wconf 88' lang='lat' dir='ltr'><strong>iterum</strong></span> <span class='ocrx_word' id='word_1_244' title='bbox 1068 3478 1180 3536; x_wconf 79' lang='lat' dir='ltr'><strong>iterum·</strong></span> 
     </span>
     <span class='ocr_line' id='line_1_38' title="bbox 174 3547 1040 3618; baseline 0.006 -19"><span class='ocrx_word' id='word_1_245' title='bbox 174 3563 229 3614; x_wconf 88' lang='lat' dir='ltr'><strong>que</strong></span> <span class='ocrx_word' id='word_1_246' title='bbox 250 3549 319 3600; x_wconf 85' lang='lat' dir='ltr'><strong>MA</strong></span> <span class='ocrx_word' id='word_1_247' title='bbox 329 3547 429 3602; x_wconf 77' lang='lat' dir='ltr'><strong>V¹no</strong></span> <span class='ocrx_word' id='word_1_248' title='bbox 449 3547 513 3618; x_wconf 76' lang='lat' dir='ltr'><strong>*Sp</strong></span> <span class='ocrx_word' id='word_1_249' title='bbox 526 3549 536 3617; x_wconf 87' lang='lat' dir='ltr'><strong>l</strong></span> <span class='ocrx_word' id='word_1_250' title='bbox 550 3555 602 3605; x_wconf 80' lang='lat'><strong>679</strong></span> <span class='ocrx_word' id='word_1_251' title='bbox 621 3547 790 3606; x_wconf 87' lang='lat' dir='ltr'><strong>Percontata</strong></span> <span class='ocrx_word' id='word_1_252' title='bbox 808 3547 1040 3604; x_wconf 56' lang='grc' dir='ltr'><strong>0100ιο6010*6</strong></span> 
     </span>
    </p>
   </div>
   <div class='ocr_carea' id='block_1_4' title="bbox 0 0 1246 4114">
    <p class='ocr_par' dir='ltr' id='par_1_17' title="bbox 0 0 1246 4114">
     <span class='ocr_line' id='line_1_39' title="bbox 0 0 1246 4114; baseline 0 1"><span class='ocrx_word' id='word_1_253' title='bbox 0 0 1246 4114; x_wconf 95' lang='lat' dir='ltr'><strong> </strong></span> 
     </span>
    </p>
   </div>
  </div>
 </body>
</html>
