2532 4114
489 209 543 300 ,V·
562 214 694 264 49-111.
1076 209 1093 272 7

72 353 323 440 Zachariacque
347 354 477 420 domum
500 357 650 438 penetrat
673 354 903 439 gravidamque
928 355 1063 420 salutat‘

72 443 271 529 Elisabeth,
294 444 424 532 clausae
446 465 519 508 cum
541 443 691 527 protinus
715 442 810 507 anxia
832 443 933 527 prolis

72 531 232 596 Membra
253 532 337 598 uteri
360 531 485 617 gremio
507 534 601 597 motu
624 530 747 596 maiore
769 532 939 606 resultant.

73 620 127 686 Et
153 620 252 685 simul
274 619 388 685 exiluit
411 624 517 684 mater
540 641 698 686 concussa
720 625 873 703 tremore,

74 707 221 774 Divinae
244 709 332 774 vocis
356 709 518 796 completa
541 712 591 772 est
612 708 743 774 flamine
767 712 880 774 sancto
1059 724 1093 774 85

76 797 127 860 Et
151 818 306 882 magnum
330 799 488 862 clamans:
511 796 625 883 „Felix
649 819 667 862 ο
691 796 825 879 femina,
849 798 951 882 salve,

73 884 222 950 Felicem
246 891 380 971 gestans
403 886 489 950 uteri
512 886 691 950 sinuamine
713 884 827 951 fctum.

74 972 175 1038 Unde
198 997 305 1040 meam
328 977 421 1040 tanto
444 974 549 1038 voluit
571 973 661 1039 Deus
685 995 805 1059 aequus
829 975 953 1040 honore
1010 1047 1015 1056 ⁴

75 1062 262 1128 Inlustrare
286 1063 430 1147 domum,
453 1084 552 1149 quam
575 1067 682 1127 mater
703 1063 845 1128 numinis
869 1063 929 1128 alti

74 1149 232 1216 Viseret?
277 1152 361 1217 Ecce
385 1173 457 1216 mco
482 1151 625 1237 gaudens
649 1152 684 1216 in
705 1152 828 1216 viscere
851 1152 961 1234 proles
1058 1168 1092 1218 9ο

78 1239 232 1325 Exultat,
255 1239 379 1306 Mariae
403 1241 605 1324 cumprime
628 1239 792 1306 adtamina
816 1239 926 1304 sensit.

75 1326 186 1411 Felix,
209 1329 265 1414 qui
288 1328 391 1393 credit
412 1329 511 1392 finem
534 1350 611 1393 mox
634 1327 744 1392 adfore
767 1328 888 1412 verbis,

77 1415 171 1492 Quae
193 1415 283 1481 Deus
308 1417 348 1482 ad
371 1415 513 1482 famulos
537 1437 693 1501 magnum
716 1416 880 1502 dignando
904 1416 1084 1502 loquetur.“

75 1504 142 1569 Illa
165 1505 300 1570 trahens
324 1504 467 1571 animum
491 1526 548 1588 per
572 1505 691 1591 gaudia
714 1507 818 1570 mixta
839 1505 962 1590 pudore
988 1536 1001 1562 ο

78 1591 282 1679 Suppressae
304 1594 393 1659 vocis
417 1593 597 1676 pavitantia
621 1594 707 1659 dicta
728 1595 872 1660 volutat:
1058 1611 1092 1660 95

78 1681 294 1768 „Magnificas
318 1682 431 1747 laudes
456 1683 583 1747 animus
607 1687 782 1768 gratesque
805 1683 949 1748 celebrat

77 1769 225 1835 inmensi
247 1770 388 1836 Domino
412 1771 532 1836 mundi.
577 1771 643 1836 Vix
666 1771 785 1856 gaudia
807 1774 901 1835 tanta

79 1857 221 1941 Spiritus
244 1860 308 1925 iste
332 1859 433 1943 capit,
457 1859 543 1943 quod
566 1880 618 1922 me
641 1858 796 1944 dignatus
819 1859 854 1922 in
877 1859 980 1922 altum

77 1946 189 2031 Erigit
212 1969 252 2011 ex
273 1947 392 2011 humili
415 1947 550 2028 celsam,
573 1947 760 2030 cunctisque
783 1947 914 2012 beatam

78 2034 239 2100 Gentibus
263 2038 296 2099 et
320 2035 435 2100 saeclis
457 2031 563 2100 ioluit
585 2033 672 2100 Deus
697 2057 817 2120 aequus
841 2035 964 2104 haberi.
1042 2055 1092 2106 100

78 2121 219 2188 Sustulit
242 2145 314 2188 ecce
338 2123 493 2188 thronum
516 2124 622 2188 saevis
645 2123 809 2210 fregitque
832 2128 1001 2211 superbos,

77 2211 253 2297 Largifluis
277 2211 415 2277 humiles
441 2211 556 2295 opibus
581 2213 697 2277 ditavit
721 2214 881 2298 egentes.“

79 2300 168 2366 Tunc
191 2301 259 2366 illic
282 2301 404 2366 mansit
427 2301 531 2365 trinos
556 2323 595 2365 ex
618 2301 730 2366 ordine
753 2320 895 2386 menses,

79 2389 131 2453 Ad
153 2389 383 2474 propriamque
406 2390 539 2454 domum
562 2391 696 2473 repedat
719 2389 785 2456 iam
809 2395 898 2456 certa
921 2392 1033 2457 futuri.

125 2475 258 2562 Iamque
269 2479 382 2543 aderat
391 2480 609 2562 tempus‚quo
619 2479 744 2544 iussum
753 2479 888 2544 fundere
897 2485 1029 2565 parturn
1040 2497 1091 2548 105

79 2565 252 2631 Elisabeth
274 2567 431 2632 volvenda
455 2567 522 2632 dies
546 2569 581 2631 in
603 2567 735 2632 luminis
759 2589 833 2633 oras

80 2653 226 2739 (legeret.
273 2654 326 2719 Ad
348 2659 462 2738 partus
486 2654 608 2721 famam
633 2657 769 2722 collecta
792 2657 932 2721 cucurrit

79 2742 186 2806 Turba
208 2744 475 2829 propinquorum,
500 2748 569 2808 tum
593 2745 712 2828 gaudia
735 2745 819 2810 mina
841 2743 1024 2829 frequentes

81 2829 315 2897 Concelebrant
337 2854 520 2916 nomenque
543 2833 657 2897 iubent
680 2833 838 2916 genitoris
861 2833 990 2900 habere.

34 2989 40 2998 ,
79 2918 202 2983 Abnuit
223 2920 286 2985 hoc
309 2921 457 3006 genetrix
481 2920 537 2984 sed
559 2920 720 2986 Iohannes
745 2921 904 2988 vocitetur
1039 2940 1091 2991 110

83 3007 274 3093 Ingeminat.
319 3009 447 3074 Placuit
470 3009 554 3073 muti
576 3015 654 3074 tunc
676 3009 766 3075 iussa
788 3011 933 3093 parentis

148 3134 180 3184 81
201 3129 397 3199 Zacchariaeq;
414 3129 437 3184 0
443 3129 452 3160 ¹
466 3132 475 3200 ΙΙ
489 3135 524 3185 81
543 3147 606 3184 cum
626 3129 669 3201 01,
688 3131 734 3186 cui
746 3133 757 3201 ΙΙ
770 3137 805 3187 85
824 3132 957 3202 conpleta
980 3135 1023 3187 est
1041 3133 1091 3186 flu-

80 3197 151 3254 mine
170 3199 217 3268 01,
250 3201 391 3269 completa
408 3200 566 3274 curuamine
590 3200 641 3270 V',
675 3202 816 3272 completa
834 3206 878 3258 est
895 3204 1000 3258 famine
1021 3205 1059 3256 Μ
1063 3201 1091 3256 R

82 3272 122 3338 (ic
140 3271 177 3324 M
198 3271 230 3324 af
250 3277 313 3327 ante
335 3271 440 3327 famine
459 3273 588 3327 abrasum
606 3274 655 3340 est)
679 3275 689 3342 ΙΙ
711 3279 745 3328 99
765 3274 814 3343 qui
833 3272 914 3341 0¹13,
936 3275 1037 3394 quaeq!
1056 3278 1090 3326 96

81 3339 240 3411 Magnificat
258 3342 291 3396 01
308 3345 313 3410 Ι
330 3344 425 3397 anima
444 3341 634 3414 O¹animollllR
649 3345 654 3412 Ι
670 3345 800 3413 rependit
819 3346 856 3398 M
868 3347 877 3414 ΙΙ
892 3349 925 3398 99
945 3342 1023 3408 Erigi
1056 3341 1092 3394 01

81 3411 137 3481 M*,
154 3411 292 3482 Erigonen
308 3418 358 3468 105
377 3416 490 3483 partum
509 3412 552 3479 01,
570 3414 672 3479 fetum
692 3417 726 3483 cs.
748 3417 836 3469 Prud.
855 3414 939 3467 Ham.
956 3415 1009 3466 193
1028 3409 1090 3464 fun-

82 3483 144 3608 {plez
159 3485 271 3609 pertnpi
285 3488 360 3609 Ιῐὲίθὸ
380 3500 463 3540 auras
483 3485 558 3540 codd.
574 3485 584 3553 ll
600 3490 650 3538 110
665 3487 714 3540 scd
725 3485 800 3552 0¹12,
820 3488 849 3538 ot
859 3483 913 3536 M*
927 3485 936 3551 11
953 3485 1002 3534 111
1017 3479 1091 3533 muti

144 3571 240 3622 ,cunc
255 3573 279 3609 rs
