2484 4114
199 240 242 306 52
627 236 739 314 arans
756 235 790 295 11.

198 384 248 452 Ut
270 381 447 450 Solomone
469 381 574 466 pium,
595 382 779 468 praeceptis
803 380 914 450 dedita
935 380 1046 463 iustis,
1176 399 1218 449 710

202 472 356 556 Audiret3
378 471 489 557 potior
511 491 598 536 nunc
621 474 672 535 est
695 469 870 538 Solomone
893 472 1040 554 potestas

202 561 249 628 Et
271 563 383 626 tamen
407 561 568 626 obtunsae
591 563 765 625 caecantur
787 562 923 645 pectore
945 556 1062 642 plebis.
1188 611 1193 620 .

201 649 370 734 Expulsus
393 648 575 732 siquando
598 647 686 734 fugit
709 649 902 733 depectere
925 645 1077 730 daemon,

132 800 134 806 .
200 736 304 814 Quem
326 737 440 803 turbat
464 741 595 804 sanetus
618 738 761 821 purgato
784 756 919 822 corpore
942 735 1053 818 flatus,

202 825 263 892 Ille
286 824 455 893 venenatis
478 826 662 891 conlustrat
677 825 836 910 passibus
860 846 947 909 oras,
1176 843 1218 890 τιὴ

203 913 276 991 Qua
297 915 391 980 nulla
415 914 556 997 excurrit
579 913 708 979 fontani
732 913 874 1000 gurgitis
897 912 998 997 unda,
1044 942 1047 948 ·

201 1001 271 1070 Nee
294 1004 441 1088 requiem
463 1001 612 1087 placidae
636 1002 721 1067 sedis
745 1001 810 1068 sibi
832 1001 977 1086 repperit
1001 1001 1128 1068 ardens.

200 1091 291 1169 Tunc
313 1092 435 1176 repetit
457 1095 568 1158 suetae
592 1090 706 1156 sitiens
728 1090 917 1158 habitacula
940 1091 1069 1158 mentis.

200 1179 249 1246 At
269 1181 298 1246 si
320 1179 407 1246 forte
431 1180 499 1246 suis
522 1179 664 1246 obnoxia
687 1179 785 1246 corda
807 1179 941 1246 venenis
1022 1225 1025 1232 ·

202 1269 390 1356 Ornatuque
413 1269 479 1336 levi
500 1268 641 1335 ridentia
663 1269 779 1335 limina
801 1268 918 1352 cernit,
1173 1285 1220 1336 tao

201 1357 360 1424 Adsociat
382 1361 509 1442 septem
533 1357 654 1423 similes
679 1357 890 1444 glomerando
912 1355 1039 1422 furores

201 1445 262 1510 Vis
285 1446 419 1512 inimica
441 1446 581 1531 homini,
604 1451 818 1531 penetratque
841 1445 876 1510 in
898 1446 1024 1512 viscera
1048 1467 1196 1532 serpens.

206 1532 260 1601 Sic
283 1555 386 1620 genus
409 1534 473 1599 hoc
496 1555 573 1600 vero
598 1556 696 1600 sensu
719 1557 793 1601 cum
816 1534 1035 1619 degenerarit,

202 1620 344 1688 Vincula
366 1622 532 1708 perpetuis
557 1622 689 1689 deflebit
704 1619 843 1690 ¹subdita
865 1621 1009 1706 poenis.“

247 1711 358 1797 Atque
382 1733 421 1778 aa
445 1711 521 1778 dum
544 1711 675 1796 populis
698 1711 814 1778 vitalia
837 1710 926 1778 dicta
947 1709 1153 1796 frequentat,
1175 1727 1221 1778 'rut

204 1799 269 1866 Pro
293 1799 420 1866 foribus
444 1803 550 1866 mater
572 1821 646 1866 cunr
669 1799 827 1868 fratribus
851 1798 980 1866 adstitit
1003 1799 1071 1864 illic

203 1889 250 1955 Et
273 1888 409 1956 miscere
432 1888 513 1956 foris
538 1911 721 1956 sermonem
744 1889 925 1956 comminus
949 1893 1030 1954 orat.

204 1978 299 2044 Talia
321 1982 395 2043 tum
417 1978 534 2044 matris
557 1977 719 2044 mandatis
744 1977 831 2044 dieta
853 1977 1006 2043 remittit:

201 2065 288 2152 „Hic
311 2088 439 2132 meeum
463 2067 626 2153 genetrix,
650 2087 777 2132 mecum
800 2086 957 2152 germana
979 2064 1128 2130 residunt

207 2152 364 2239 Corpora.
388 2153 476 2220 Nam
494 2155 602 2238 petria
620 2155 776 2238 impletur
795 2153 984 2239 cuicumque
1002 2154 1221 2240 voluntcsfleo

204 2243 265 2308 Ille
289 2264 363 2308 meo
385 2243 554 2329 proprium
577 2243 720 2310 conectit
743 2243 902 2331 sanguine
926 2265 1056 2328 eorpus,

204 2331 251 2397 Et
273 2331 389 2396 matris
412 2332 605 2418 generisque
628 2333 693 2398 mei
716 2332 776 2398 sub
799 2330 930 2398 nomine
951 2329 1123 2397 habetur.“

249 2418 463 2506 Progreditnr
485 2421 610 2505 templo
634 2424 796 2487 terrarum
819 2421 931 2488 lumen
952 2421 1043 2486 Iesus

203 2509 251 2576 Et
275 2509 375 2574 maris
399 2511 546 2574 extrema
568 2513 739 2594 terraeque
762 2509 883 2576 resedit
906 2510 941 2574 in
963 2531 1034 2593 ora,

204 2597 462 2683 Innumeraeque
485 2597 563 2664 illue
586 2598 693 2682 plebis
716 2598 837 2664 fluxere
860 2601 1017 2664 catervae.
1176 2612 1220 2664 aas

204 2685 266 2752 Ille
289 2687 346 2753 sed
368 2688 531 2753 excelsam
554 2687 726 2772 scandens,
749 2709 832 2772 quae
855 2687 1016 2772 proxima,
1039 2686 1184 2771 puppim

204 2775 319 2841 Litora
341 2776 520 2860 complenti
542 2775 706 2860 depromit
728 2775 810 2841 talia
832 2775 933 2860 plebi:

205 2862 313 2947 „Ecce
337 2868 428 2932 sator
449 2866 584 2950 proprio
608 2864 815 2948 commendat
839 2863 963 2930 semina
986 2862 1067 2946 ruri;

204 2951 269 3017 Illa
293 2952 413 3018 cadunt
436 2953 565 3020 diversa
589 2955 659 3019 solo
685 2957 869 3039 sortemque
891 2953 1038 3019 locorum

204 3038 270 3105 Pro
294 3040 414 3106 virtute
437 3041 556 3107 ferunt.
592 3041 679 3109 Nam
703 3042 806 3108 sicubi
828 3043 910 3106 trita
932 3042 1059 3108 viarum
1176 3057 1218 3109 740

208 3127 275 3194 sub
299 3128 436 3215 pedibus
461 3129 741 3199 solidoedensetur
764 3131 867 3196 limite
890 3131 1004 3212 tellus,

205 3217 312 3283 Acriis
338 3218 452 3284 avibus
477 3218 556 3284 dant
577 3218 699 3285 nudam
723 3219 848 3286 semina
871 3219 1034 3302 praedam.

210 3306 274 3372 Ast
296 3305 353 3372 ubi
375 3307 526 3392 pertenui
549 3309 699 3374 velantur
721 3310 855 3394 pulvere
878 3330 981 3393 saxa,-

278 3452 330 3502 710
350 3446 500 3502 Salomone
514 3445 591 3514 ΕΜ,
609 3448 648 3503 td.
660 3449 738 3517 mn
752 3453 805 3503 714
823 3448 927 3517 purget
938 3447 976 3501 M
979 3449 995 3484 *
1011 3445 1015 3518 Ι
1031 3447 1145 3516 prolato
1157 3445 1220 3512 Mis

207 3521 259 3572 '11⁷
270 3517 392 3587 placitae
403 3518 442 3572 M
444 3517 472 3573 R
480 3519 546 3573 Mat
556 3519 594 3573 V¹
608 3519 617 3588 ΙΙ
632 3524 682 3574 ⁷22
693 3518 833 3587 hominiq;
843 3520 974 3588 penetrat
983 3518 1094 3572 viscera
1106 3518 1144 3572 M
1154 3519 1164 3589 l
1178 3522 1219 3574 ue

206 3587 311 3641 mentis
331 3588 375 3658 M,
396 3603 480 3644 sensu
495 3591 500 3658 Ι
517 3589 640 3658 degener
658 3593 734 3644 errat
752 3589 779 3644 R
793 3592 802 3659 {l
817 3594 868 3645 725
883 3606 947 3643 cum
958 3589 997 3643 Μ
1007 3590 1084 3657 11726
1104 3588 1150 3645 illi
1160 3585 1220 3646 nn
