2484 4114
462 249 495 304 V.
517 255 666 305 192-259.

46 393 183 458 Dicitis:
206 392 369 458 Adveniet
392 397 529 459 ventura
550 394 621 460 luce
646 415 802 460 serenum.

48 481 186 567 Iamque
210 482 270 547 sub
294 487 409 548 exortu
432 483 511 548 solis
535 482 591 548 ubi
614 483 724 548 tristia
746 483 845 548 rubro

48 568 176 634 Nubila
198 571 376 637 miscentur
399 572 535 636 confusa
558 573 628 636 luce
652 571 767 653 colori,

49 657 185 740 Dicitis,
210 659 363 745 agricolis
386 660 559 744 nautisque
583 659 693 724 venire
716 660 883 745 fragosam

47 746 233 812 Ventorum
256 749 380 813 rabiem
403 751 699 833 tempestatumque
721 747 858 814 furores.
1013 767 1066 817 230

48 835 199 902 Fallaces
205 852 221 919 ‚¹
236 838 342 901 nostis
365 836 482 902 faciem
507 837 688 902 disseruere
712 837 806 920 caeli,

49 923 238 991 Saeclorum
262 946 340 991 vero
362 924 496 990 nescitis
520 928 669 1010 tempora
692 923 794 1009 signis

48 1013 232 1097 Explorare
256 1014 347 1078 suis?
384 1011 447 1078 Sed
469 1013 564 1080 vobis
588 1013 683 1100 signa
705 1013 876 1095 dabuntur,

49 1101 140 1178 Quae
165 1103 265 1168 maris
288 1102 447 1168 immenso
471 1101 635 1186 quondam
657 1123 774 1166 venere
796 1101 972 1189 profundo,

47 1188 155 1256 Belua
179 1212 250 1256 cum
274 1190 381 1256 tenuit
403 1191 527 1256 ventris
551 1191 612 1254 sub
636 1211 763 1255 carcere
786 1191 922 1257 vatem.“
1012 1207 1064 1258 255

46 1278 141 1344 Haec
165 1280 211 1344 ait
233 1284 267 1344 et
290 1300 426 1364 propere
447 1280 567 1364 puppis
591 1279 771 1344 retinacula
794 1281 923 1345 solvens

47 1367 154 1433 Trans
177 1367 264 1432 freta
286 1367 453 1433 contendit
475 1366 591 1451 rapido
615 1367 844 1452 comprendere
867 1390 963 1434 cursu

46 1455 140 1521 Arva
162 1456 389 1542 Philipporum
414 1456 575 1540 sociisque
597 1455 678 1522 haec
700 1456 906 1522 talisfatur:

45 1543 220 1627 „Sollicite
243 1545 338 1612 vobis
360 1545 507 1610 vitentur
529 1545 628 1610 noxia
649 1544 739 1610 farra

46 1631 323 1718 Fermentumque
346 1634 437 1699 ferox
460 1633 579 1699 vestris
603 1634 740 1698 avertite
763 1635 894 1700 mensis.
1013 1651 1069 1712 240,

45 1720 112 1786 Illa
135 1721 304 1788 Pharisaei
328 1719 570 1806 Sadducaeique
593 1722 699 1788 dolosi

48 1809 244 1877 Admiscent
266 1810 349 1877 escis
371 1810 558 1894 falluntque
579 1809 615 1874 in
638 1809 771 1875 nomine
793 1810 896 1894 panis.

48 1897 115 1964 Gur
139 1900 233 1965 vobis
256 1899 375 1964 tacitas
398 1899 503 1964 volvit
526 1898 692 1964 cunctatio
716 1899 865 1962 mentes?

47 1986 152 2053 Proh!
176 2010 273 2074 quam
297 2008 398 2074 parva
421 1988 502 2052 fides
526 2007 623 2052 sensu
645 1988 796 2072 torpente
819 1985 957 2053 fatiscitl
1061 2043 1064 2050 l

38 2075 168 2142 rDicitis
192 2076 312 2163 aversi,
334 2077 410 2142 nari
435 2075 521 2160 quod
543 2074 661 2140 tollere
682 2096 783 2160 panes
1012 2094 1064 2145 245

46 2164 125 2230 Non
146 2165 247 2230 fucrit
269 2166 362 2230 vobis
385 2185 523 2230 vacuum
547 2163 708 2248 farrisque
731 2162 892 2229 cavendas

45 2253 189 2319 Insidias
211 2253 355 2338 iubecm3
379 2253 565 2318 meminisse
589 2256 622 2317 et
645 2253 728 2318 seire
750 2252 922 2338 putabam,

47 2341 143 2418 Quod
166 2365 267 2426 panes
291 2342 433 2427 quinque
456 2341 563 2426 plebis
586 2341 668 2405 mihi
690 2339 781 2406 milia
804 2342 946 2428 quinque

46 2430 221 2515 Implerint
244 2431 381 2516 dapibus
406 2429 618 2516 cophinisque
642 2430 804 2514 superflua
826 2431 929 2496 tantis

45 2517 247 2605 Fragmenta
271 2519 311 2585 ad
335 2520 500 2584 cumulum
523 2518 646 2584 fuerint
668 2519 805 2584 collecta
828 2518 988 2604 ciborum,
1011 2535 1063 2586 250

47 2608 211 2684 Quattuor
235 2613 268 2674 et
290 2629 421 2673 rursum
443 2611 616 2672 conantum
639 2607 731 2671 milia
754 2627 855 2691 panes

46 2695 141 2771 Quod
164 2696 260 2762 facile
282 2697 450 2782 implerint
474 2700 599 2783 septem
622 2699 815 2780 sportasque
839 2694 953 2760 referri

44 2783 187 2850 Vidistis
211 2807 324 2850 rursus
348 2785 527 2870 completas
550 2784 771 2868 reliquiarum.

46 2872 111 2938 Sed
135 2895 252 2939 moneo
275 2875 415 2938 istorum
439 2893 567 2958 semper
589 2872 752 2937 fermenta
775 2871 923 2939 cavere.“

44 2961 210 3048 Discipuli
232 2961 365 3026 tandem
387 2961 504 3027 uitalia
526 2962 626 3026 verba
649 2962 753 3027 secuti
1012 2977 1064 3027 aco

45 3050 242 3116 Doctrinam
266 3054 402 3116 cernunt
422 3049 575 3116 fermenti
596 3050 728 3115 nomine
752 3051 881 3116 dictam.

89 3138 173 3204 Inde
196 3139 253 3202 ubi
276 3141 467 3222 perventum
491 3139 606 3222 liquidi
628 3161 687 3223 per
710 3143 805 3226 terga
827 3138 981 3222 profundi

47 3226 159 3313 Clara,
183 3227 374 3313 Philippaec
399 3248 481 3312 quae
504 3228 631 3311 pollent
653 3229 799 3312 nomine,
822 3248 912 3312 rura,

47 3313 148 3403 Cogit
172 3315 345 3382 concilium
369 3319 551 3383 sectantum
574 3317 804 3402 discipulorum

61 3565 64 3570 -
117 3531 170 3582 225
189 3525 349 3596 norw,
368 3527 483 3599 5111244
501 3526 623 3598 patescit
642 3525 680 3580 M
695 3527 706 3595 fl
723 3529 776 3580 245
796 3518 908 3577 adversi
931 3517 968 3573 V¹
981 3517 990 3586 l
1004 3521 1056 3571 251

47 3614 143 3652 rursus
162 3598 200 3652 M
210 3600 219 3668 ss
233 3603 287 3653 254
304 3599 399 3654 caveri
418 3600 457 3653 M
