2484 4114
444 205 654 279 unum.

38 371 119 457 Ipse
143 369 200 435 sed
224 367 408 454 egrediens,
430 367 487 433 ubi
509 367 610 434 tertia
631 369 766 434 venerat
788 367 884 449 hora,

37 459 172 525 Invenit
195 477 268 523 ecce
291 456 374 522 alios
398 457 551 542 operique
575 456 759 522 adcrescere
781 457 892 542 iussit,

38 549 105 613 Pro
129 545 255 612 meritis
279 566 413 630 operum
436 546 633 632 promittens
656 546 804 630 praemia
827 545 939 630 digna3

40 636 100 702 Illi
121 656 189 701 non
212 634 311 699 aliter
333 634 411 700 laeti
433 638 609 720 praecepta
632 636 819 718 sequuntur.

38 726 107 790 Ast
128 722 185 788 ubi
209 726 302 789 sexta
324 722 440 788 dehinc
463 723 544 790 lucis
566 722 801 788 transfluxerat
821 723 916 808 hora,
1003 739 1056 792 500

38 813 134 878 Haut
157 833 249 877 aecus
272 811 359 876 hino
372 811 455 877 alios
478 810 609 877 iuvenes
634 810 811 878 conducere
833 812 951 897 pergit.

38 901 197 986 Horaque
220 921 308 965 nona
330 899 446 966 dehinc
470 900 526 966 ubi
552 900 631 966 solis
655 900 803 967 cursibus
827 903 901 966 acta
923 903 987 985 est,

40 991 136 1054 Tunc
159 989 241 1055 alios
264 988 387 1073 pariter
410 988 586 1054 conductos
608 988 705 1055 iussit
727 988 825 1056 adire.

38 1079 170 1144 Ultima
193 1077 335 1142 labentis
357 1077 507 1143 restabat
530 1079 638 1160 portio
662 1077 757 1143 1110111

38 1169 204 1252 Egressus
229 1165 332 1232 cernit
354 1165 486 1231 invenes
510 1187 688 1250 causasque
711 1166 861 1251 requirit,
1002 1182 1054 1233 555

40 1255 108 1322 Cur
131 1255 234 1340 pigris
258 1254 409 1320 manibus
432 1257 601 1338 torperent
624 1254 693 1320 otia
715 1255 814 1320 lenta.

39 1345 162 1423 Aiunt,
186 1342 393 1408 conductoris
418 1344 504 1428 quod
527 1346 701 1428 praecepte
724 1342 864 1408 1111000115

42 1432 147 1498 Ν111111
170 1431 242 1497 01111.
278 1431 438 1497 Dominus
461 1452 536 1496 mox
559 1432 621 1498 hos
644 1431 794 1496 insistere
817 1432 885 1498 ruri

41 1521 137 1586 Tunc
159 1520 259 1585 etiam
282 1520 386 1586 iussit
423 1519 486 1586 Sed
508 1541 642 1604 vespere
664 1521 812 1604 protinus
836 1524 909 1588 orto

40 1608 221 1694 Praecipit,
244 1612 282 1674 ut
305 1609 413 1674 cuncti
436 1612 590 1694 caperent
611 1609 768 1675 mercedis
790 1609 948 1676 honorem
1005 1626 1057 1676 510

40 1697 248 1782 Aequalique
271 1718 383 1762 omnes
406 1702 576 1781 portarent
597 1698 743 1782 praemia
765 1721 906 1764 nummo.

41 1787 135 1852 Tunc
159 1807 274 1851 manus
296 1786 356 1850 ille
379 1787 499 1870 virum,
521 1787 629 1870 prima
652 1808 735 1870 quae
758 1786 829 1852 luce
853 1787 999 1852 laborem

42 1875 231 1941 Sustulerat
252 1873 413 1960 factisque
437 1874 521 1939 diem
545 1874 744 1939 toleraverat
767 1893 919 1959 aequum,

42 1964 225 2048 Indignaris
249 1984 357 2028 seeum
379 1963 439 2028 tali
462 1985 534 2028 cum
557 1985 722 2028 murmure
744 1962 846 2028 fatur:

41 2052 208 2117 Iniustum
227 2057 290 2136 est,
303 2051 379 2116 istis
399 2051 540 2116 similem
557 2073 618 2116 nos
637 2073 791 2135 quaerere
810 2073 992 2137 nummum,
1006 2067 1058 2119 555

41 2140 172 2207 Ultima
195 2161 276 2224 quos
300 2140 407 2225 operis
430 2162 503 2204 sero
526 2140 738 2206 coniunxerat
758 2140 849 2208 hora.

43 2230 129 2294 Tum
153 2229 302 2294 dominus
324 2229 410 2294 ruris
434 2229 546 2294 sedato
567 2233 699 2315 pectore
721 2227 823 2294 1051111

41 2318 190 2383 Inlibata
210 2318 272 2383 tibi
295 2318 452 2383 mercedis
474 2317 583 2401 portio
607 2318 717 2383 salvae

42 2406 206 2472 Redditur
229 2408 262 2470 05
284 2406 375 2490 pecti
397 2409 569 2472 servantur
591 2405 663 2472 iura
685 2406 800 2473 fidelis.

41 2495 123 2559 Istis
147 2495 186 2559 de
208 2497 323 2560 nostro
346 2495 442 2560 liceat
465 2496 638 2561 concedere
661 2499 803 2577 tantum,
1005 2511 1057 2562 580

41 2583 180 2648 Extima
203 2604 285 2667 quos
309 2583 416 2668 operis
440 2583 637 2668 glomeravit
659 2584 768 2668 portio
791 2583 868 2648 ruri.

41 2670 132 2736 Nam
155 2672 278 2737 multos
301 2671 450 2738 homines
474 2671 621 2758 dignatio
644 2676 758 2738 sancta
780 2671 909 2738 vocavit

41 2761 72 2826 n
97 2759 170 2844 quis
193 2761 420 2844 perminimam
444 2759 578 2845 dignum
602 2763 652 2826 est
675 2781 840 2826 secernere
861 2760 1016 2846 partem.“

90 2847 182 2914 Haec
205 2848 309 2914 111505
332 2848 480 2933 Solymos
503 2849 625 2935 repetit
647 2848 844 2932 comitesque
868 2871 1014 2917 seorsum

41 2936 243 3021 Adloquitur
266 2936 409 3022 solisque
431 2937 552 3003 iterum
573 2937 762 3022 regionibus
785 2937 872 3004 infit:
1006 2953 1058 3006 555

41 3024 275 3111 „Ingredimur
298 3027 394 3112 gnari
414 3026 662 3109 truculentaque
685 3027 812 3092 moenia
836 3026 969 3094 adimus.

42 3113 150 3180 Filius
173 3113 228 3180 hic
248 3113 390 3182 hominis
413 3113 569 3199 prodetur
592 3114 633 3179 ad
655 3114 774 3182 ultima
795 3115 926 3200 mortis,

44 3200 234 3270 Scribarum
257 3225 490 3287 procerumque
512 3201 619 3270 ferens
641 3203 784 3270 ludibria
805 3204 975 3287 membris,

43 3290 247 3375 Adfixusque
270 3293 357 3356 cruci
379 3296 457 3376 post
479 3291 578 3357 tertia
598 3293 724 3358 lumina
746 3291 886 3378 surget“

116 3435 169 3486 575
187 3433 220 3486 115
237 3445 289 3486 nos
309 3430 347 3484 Μ
355 3433 379 3556 ἓ
390 3436 444 3487 575
467 3427 666 3486 coniuncxerat
685 3430 720 3486 (1ι
737 3431 747 3498 n
764 3435 816 3486 581
836 3427 944 3484 Ultima
961 3425 1059 3484 Man

44 3500 84 3557 0⁸
106 3504 117 3574 1
140 3505 192 3558 585
212 3499 335 3570 solisque
384 3495 1060 3572 111111,00115101001111017111,101111110111101

40 3572 123 3629 iteris
143 3573 180 3627 Μ
187 3570 431 3643 V¹ALT=⁸BM10
