2484 4114
177 205 221 272 62
595 207 703 263 LIBER
721 209 768 264 III.

177 355 271 420 Talia
295 355 440 420 salvator
463 354 572 419 verbis
596 354 790 420 caelestibus
815 354 880 418 edit

176 442 324 530 Virginis
348 448 381 507 et
404 446 546 508 mentem
571 443 716 508 discusso
740 441 896 508 daemone
919 445 1023 510 virtus

55 559 58 564 ·
178 531 388 616 Complexam
412 532 562 614 implevit
585 531 679 596 donis
701 530 839 596 fecunda
863 532 988 597 salutis.

221 620 300 686 Inde
324 619 487 686 Galilaeas
510 620 645 703 repedat
666 623 816 685 servator
839 620 873 683 in
898 643 972 685 oras
1152 639 1199 688 100

175 708 401 794 Praecelsique
423 709 537 794 procul
560 709 680 773 montis
704 708 851 774 consedit
873 708 908 772 in
931 731 1014 774 arce.

175 796 267 864 Haut
289 821 396 881 mora,
419 796 615 863 conveniunt
638 797 751 881 populi
774 817 947 882 secumque
970 798 1156 864 trahebant

175 887 257 952 Pars
281 891 394 972 captes
419 886 521 951 oculis
545 890 578 950 et
601 907 729 950 crurum
753 885 862 950 debile
883 887 1002 970 vulgus

175 975 399 1061 Dlinguesque
423 974 505 1039 alios
528 973 699 1058 morbique
722 974 883 1039 vocabula
905 975 1005 1042 mille.

175 1064 333 1128 Omnibus
355 1064 412 1128 ille
435 1066 547 1128 tamen
570 1063 744 1146 languores
767 1063 909 1146 dempsit
932 1085 1077 1148 amaros,
1146 1081 1197 1131 200

174 1150 311 1218 Viribus
334 1156 368 1218 et
390 1151 520 1233 validis,
542 1151 727 1217 uenerando
750 1173 897 1235 munere,
921 1151 1031 1216 donat.

174 1240 257 1305 Tum
281 1241 397 1327 populi
419 1241 542 1326 pariter
565 1239 724 1306 miracula
746 1242 840 1304 tanta
862 1239 1072 1324 frequentant

173 1329 382 1414 Aeternoque
405 1330 493 1414 patri
515 1329 628 1394 laudes
653 1331 829 1414 gratesque
852 1328 1027 1393 celebrant.

173 1416 361 1502 Discipulos
386 1416 536 1482 Christus
560 1437 678 1502 cogens
701 1417 737 1482 in
758 1417 880 1482 vertice
904 1418 1025 1482 mentis

174 1503 303 1572 Secrete
328 1505 527 1590 adloquitur:
550 1505 683 1590 „Plebis
706 1505 874 1571 miseratio
897 1505 1003 1570 multa
1026 1509 1091 1592 est,
1144 1523 1194 1574 200

173 1593 384 1659 Pontianum
408 1593 506 1659 terris
528 1597 676 1658 remeant
698 1594 764 1658 iam
787 1593 912 1659 lumina
936 1595 1030 1679 solis,

173 1682 225 1748 Ex
249 1705 313 1768 quo
336 1682 429 1748 1111110
453 1683 517 1747 sibi
541 1686 675 1747 sumunt
698 1682 855 1747 alimenta
878 1682 1038 1770 ciborum;

171 1769 321 1837 Ieinnam
342 1773 446 1838 nolim
469 1774 595 1836 tantam
620 1770 783 1835 dimittere
806 1771 949 1856 plebem,

170 1860 221 1926 Ne
244 1862 338 1926 labor
362 1861 484 1926 afficiat
506 1860 645 1944 populos
668 1881 727 1944 per
749 1861 851 1946 longa
872 1859 1029 1925 viantes.“

171 1949 333 2034 Discipuli
356 1949 490 2014 Christo
513 1947 689 2015 ostendunt
712 1952 839 2033 septem
864 1948 926 2013 sibi
950 1970 1051 2033 panes
1142 1967 1192 2016 210

170 2037 253 2102 Esse
278 2043 311 2103 00
334 2038 508 2122 pisciculos
533 2038 690 2102 alimenta
714 2037 754 2102 ad
778 2037 927 2122 proxima
949 2058 1080 2120 paucos.

171 2125 255 2191 Tum
279 2126 437 2212 populum
461 2126 558 2191 iussit
580 2129 688 2190 terrae
711 2147 769 2210 per
791 2130 887 2213 terge
910 2126 1041 2210 cubare,

171 2213 329 2298 Quodque
350 2214 415 2279 fnit
437 2218 546 2279 totum
569 2214 711 2300 propriis
735 2214 918 2300 discerpere
940 2215 1073 2299 palmis3

170 2303 216 2368 Et
240 2306 376 2368 cunctae
400 2306 492 2367 curat
515 2303 690 2368 mensatim
714 2302 829 2367 dedere
852 2303 952 2388 plebi.

168 2391 333 2478 Discipuli
355 2394 482 2476 ponunt
504 2392 616 2474 epulas
640 2392 844 2476 populusque
866 2393 1010 2476 repletur
1135 2409 1186 2458 210

169 2481 222 2546 Ad
246 2483 363 2546 satiem
387 2479 538 2564 dapibus3
561 2481 712 2564 relegunt
735 2501 811 2544 mox
834 2479 999 2566 fragmina
1022 2480 1118 2564 panis

168 2569 214 2634 Et
238 2575 369 2655 sportas
392 2568 540 2634 referunt
563 2569 729 2634 cumulato
753 2569 895 2652 pondere
920 2573 1054 2652 septem.

169 2658 333 2735 Quattuor
357 2681 395 2724 ex
420 2657 509 2723 omni
531 2657 663 2722 fererant
685 2661 756 2721 tum
780 2657 873 2722 milia
895 2658 992 2742 plebe

167 2746 238 2812 Nec
260 2769 395 2813 numero
420 2749 592 2832 quisquam
617 2749 740 2810 matres
763 2767 946 2831 puerosque
969 2745 1107 2812 notavit.

212 2834 292 2900 Inde
314 2835 526 2921 Magadarum
550 2834 627 2900 nevi
650 2835 845 2900 transcurrit
867 2835 903 2899 in
925 2856 1009 2901 oras.
1134 2851 1185 2900 220

166 2923 251 2989 Ecce
273 2922 444 2988 Pharisaei
469 2923 711 3009 sadducaeique
730 2923 841 2988 dolosi

166 3011 305 3077 Poscere
327 3014 528 3096 temptantes
551 3012 856 3078 instantcaelastia
881 3013 985 3098 signa.

167 3099 230 3166 Sed
255 3098 407 3165 Christus
432 3121 565 3165 cernens
587 3099 719 3166 fallacia
742 3104 877 3186 pectora
899 3100 1001 3166 faturr

164 3189 376 3274 „Convexum
400 3190 550 3273 quotiens
574 3189 698 3254 claudit
720 3212 786 3255 nox
807 3188 942 3254 humida
965 3189 1107 3274 caelum,
1166 3183 1170 3188 ’

168 3280 203 3344 Si
226 3278 325 3344 ruber
347 3277 501 3344 astrifero
524 3277 672 3362 precedit
693 3299 810 3362 vesper
834 3281 982 3363 olympo,
1131 3294 1182 3344 220

239 3424 289 3471 192
310 3418 378 3472 cael.
393 3414 514 3484 01110171,
532 3415 721 3471 medicamina
740 3417 828 3471 donat
843 3417 918 3484 Mat,
937 3418 967 3471 et
985 3431 1055 3471 voce
1074 3417 1181 3472 locutus

169 3489 201 3555 0,
228 3489 276 3544 sed
300 3486 340 3542 0¹
364 3490 463 3571 00010010
481 3489 598 3544 cursivis
615 3489 839 3560 cuplosaucaieis
856 3489 889 3542 e'u
906 3503 1008 3543 rasura
1025 3487 1182 3588 scriptum]

167 3564 218 3612 196
238 3561 400 3614 conscendit
418 3558 541 3629 1111200
561 3557 674 3614 Secreta
694 3558 838 3613 11111Μο1
857 3561 918 3629 (-ae
938 3559 997 3626 M),
1018 3557 1172 3614 Secretcil
