2532 4114
182 213 235 269 XII
548 201 831 266 PROLEGOMENA.

184 358 315 424 retinui.
360 356 607 441 Discrepantias
640 356 820 441 scripturae
852 356 903 420 vel
932 356 1082 422 lectionis
1111 380 1204 443 prae-

186 447 364 512 stantiores
393 448 523 509 tantum
551 444 698 509 subicere
725 443 831 528 potui,
865 466 937 509 cum
966 447 1109 530 spatium
1136 470 1204 513 non
1247 476 1250 543 l

186 534 400 620 permitteret,
421 537 459 598 ut
482 533 612 619 longior
635 553 752 616 essem3
780 533 837 596 sed
860 532 1022 598 interdum
1046 536 1203 602 lectiones
1248 546 1250 567 ¹

188 623 334 690 codicum
357 622 574 688 recentiorum
597 642 664 686 non
688 621 886 686 omittendae
910 626 1012 686 erant.
1248 606 1251 693 l

255 711 327 776 Illis
356 715 465 776 autem
495 709 629 774 ducibus
653 731 774 795 magna
796 710 894 774 turba
917 710 1064 782 codicum
1087 712 1161 777 inde
1185 737 1205 779 a
1249 762 1251 771 <

188 802 316 866 saeculo
348 822 435 865 nono
469 798 510 864 ad
543 798 707 864 saeculum
741 803 868 864 sextum
898 798 1057 865 decimum
1086 823 1121 866 se
1150 803 1204 867 ad·
1250 792 1255 852 l

186 889 308 976 iungit,
337 910 417 975 quos
445 887 557 972 paucis
584 886 693 952 verbis
717 883 936 975 absolvam.*)
982 890 1090 975 Atque
1115 894 1205 956 certa

116 982 120 989 '
187 978 302 1043 elassis
326 978 451 1062 primae
473 975 615 1061 vestigia
638 997 716 1060 prae
740 997 775 1040 se
797 975 906 1041 ferunt
928 976 963 1041 hi
987 978 1120 1044 codices.

254 1064 384 1130 (lodex
410 1062 625 1130 Vaticanus
655 1061 732 1149 (Vl)
761 1064 921 1150 reginae
949 1063 1109 1132 Sueciae
1137 1068 1204 1134 333

187 1155 322 1220 membr.
345 1151 382 1219 4ο
408 1175 491 1219 saec.
514 1151 688 1219 VIH-lX
715 1156 753 1218 ut
776 1153 935 1219 Arevalus
964 1155 1046 1219 dixit
1069 1160 1102 1221 et
1125 1155 1205 1223 Lud.

186 1242 262 1328 Ieep
286 1243 366 1324 vult,
390 1242 445 1329 qui
469 1243 628 1326 singulari
650 1241 848 1307 liberalitate
870 1243 1013 1308 codicem
1042 1244 1077 1307 in
1095 1266 1205 1310 meum

187 1355 282 1398 usum
316 1331 467 1412 contulit,
505 1330 559 1395 vel
592 1351 673 1396 saec.
705 1329 736 1394 X
768 1333 898 1396 auctore
930 1331 1206 1418 Reifferscheidio,

190 1421 246 1506 qui
273 1420 307 1484 in
331 1420 394 1486 vol.
419 1419 461 1484 59
485 1419 564 1483 libri
585 1417 907 1505 „Sitaungsberichte
931 1421 960 1485 d.
983 1421 1065 1487 kais.
1087 1420 1150 1486 Ak.
1176 1423 1206 1489 d.

187 1506 288 1574 Wias.
319 1505 502 1572 Phil.-Hist.
534 1505 665 1573 Olasse“
691 1530 722 1592 p.
754 1508 817 1572 110
850 1508 991 1574 codicem
1024 1509 1207 1595 descripsit.

188 1596 296 1662 Paene
320 1595 547 1682 apographum
570 1595 666 1661 huius
690 1596 808 1662 codicis
832 1601 882 1662 est

255 1683 383 1751 Codex
398 1683 637 1750 Harleianus
653 1681 735 1770 (Ha)
749 1685 987 1754 3093membr.
1001 1685 1037 1751 4⁰
1050 1709 1132 1752 saec.
1147 1686 1207 1767 XI,

189 1775 245 1864 qui
268 1774 336 1839 foll.
364 1771 503 1838 11)--19ὓ
521 1772 699 1840 Iuvencum
724 1773 850 1839 duabus
869 1775 1028 1840 columnis
1047 1777 1207 1860 scripturn

190 1863 347 1946 continet3
366 1862 529 1928 interdurn
548 1883 621 1928 curn
635 1865 727 1928 textu
743 1862 862 1929 codicis
878 1861 921 1929 1⁷²
935 1865 1086 1950 concinit,
1104 1866 1207 1928 inter·

189 1951 266 2017 dum
289 1951 446 2016 lectiones
470 1950 653 2036 singulares
676 1951 821 2038 praebet.

257 2039 385 2106 Codex
412 2038 783 2124 Montepessulanus
808 2037 898 2128 (ΜΡ)
923 2042 989 2108 362
1012 2042 1146 2107 membr.
1171 2029 1209 2106 40
1254 2039 1255 2042 ’

191 2151 273 2194 saec.
300 2126 363 2212 IX,
391 2128 430 2192 de
459 2149 522 2212 quo
552 2151 581 2194 v.
610 2131 782 2215 catalogue
809 2129 865 2193 des
894 2128 966 2215 dep.
989 2130 1006 2193 I
1028 2154 1060 2215 p.
1082 2131 1149 2196 430
1174 2135 1208 2196 et

190 2217 214 2281 I.
250 2215 453 2282 Huemerum
493 2218 527 2282 in
563 2219 710 2304 prolegg.
752 2217 827 2282 edit
865 2215 988 2282 Sedulii
1028 2241 1059 2303 p.
1096 2217 1208 2286 XIIII.

189 2304 224 2370 F.
260 2305 383 2371 Pithon
418 2327 537 2371 nomen
575 2328 669 2371 suum
705 2305 762 2370 fol.
798 2306 831 2368 1⁸
867 2309 900 2369 et
933 2306 991 2370 94·
1026 2306 1207 2389 inscripsit.

189 2393 362 2460 Lectiones
386 2395 466 2459 satis
486 2395 607 2460 multas
626 2394 735 2475 habui,
763 2414 802 2456 ex
821 2393 938 2478 quibus
957 2393 1099 2459 codicem
1117 2394 1208 2461 huno

189 2486 413 2568 praestantem
436 2483 566 2549 vinculo
585 2485 676 2548 arcto
696 2502 770 2545 cum
788 2479 830 2546 01
850 2481 1022 2548 cohaerere
1041 2489 1210 2566 appareat.

257 2571 387 2637 (lodex
400 2571 646 2637 Matritensis
661 2566 762 2654 (Mat)
777 2590 876 2639 cason
893 2573 933 2635 14
948 2592 999 2637 no.
1012 2571 1055 2636 22
1069 2572 1208 2641 membr.

189 2657 226 2725 4⁰
253 2683 334 2726 saec.
361 2659 409 2724 IX
437 2663 470 2724 et
492 2658 530 2723 X.
575 2656 660 2722 Vide
688 2656 727 2721 de
755 2679 793 2721 eo
819 2656 854 2723 P.
877 2659 993 2724 Ewald
1020 2659 1055 2724 in
1077 2658 1207 2745 „Neues

188 2749 313 2815 Archiv
347 2749 401 2813 fiir
434 2748 491 2812 alc.
523 2746 552 2810 d.
586 2743 905 2811 Geschichtslrunde“
935 2747 984 2812 VI
1016 2749 1081 2816 316
1097 2771 1138 2814 ss.
1172 2755 1209 2815 et

190 2838 355 2902 Partschii
375 2837 451 2902 edit.
465 2832 601 2920 corippi
614 2857 644 2918 p.
658 2834 693 2900 L.
731 2832 915 2903 Collaticnc
933 2837 1053 2903 codicis
1073 2842 1206 2904 auctore

190 2925 334 2992 Waitzio
354 2924 503 2992 confecta
520 2945 599 2990 usus
619 2947 691 2989 sum
712 2922 785 3010 (ms.
805 2924 946 2994 Berolin.
964 2927 1022 2992 lat.
1039 2927 1096 2993 fol.
1115 2927 1206 3014 448).
1254 2937 1255 2950 ³

190 3013 360 3080 Interdum
384 3013 425 3078 ad
448 3011 609 3078 familiam
633 3013 806 3079 secundam
829 3015 962 3081 accedit.

258 3103 368 3188 Atque
390 3101 533 3168 indolem
551 3101 695 3168 familiae
715 3102 873 3168 secundae
893 3103 1041 3188 quamvis
1060 3104 1206 3170 lectioni-

191 3193 252 3257 bus
280 3191 425 3257 familiae
448 3191 574 3274 primae
596 3190 800 3276 interpositis
823 3192 876 3256 vel
898 3193 1072 3258 reservatis
1096 3192 1130 3256 hi
1154 3215 1204 3259 co·

191 3281 277 3346 dices
300 3302 378 3366 praa
402 3301 436 3344 se
459 3279 580 3344 ferunt:

259 3366 608 3434 (lodchaticanus
623 3366 939 3450 Ottobonianus(
947 3367 1004 3454 pa)
1017 3369 1060 3435 35
1071 3371 1204 3436 membr.
1254 3443 1255 3450 ἵ

190 3493 405 3504 ——nn-——u-

265 3561 291 3628 *)
311 3557 427 3616 Codices
446 3560 507 3630 ipse
527 3559 641 3632 contuli,
658 3558 714 3614 nisi
733 3560 811 3616 alind
829 3561 981 3630 quicquam
1000 3561 1169 3617 adfirmatur.
