2532 4114
495 200 529 256 V.
549 206 699 256 roe-aea.
1057 203 1101 267 39

84 348 240 413 Gesserat
261 347 334 430 ipsa
358 346 449 432 prius
474 367 706 431 quaecumque,
730 367 768 410 ex
792 345 904 412 ordine
927 346 1023 411 dicta.
1047 361 1099 412 000

85 437 172 502 Tum
195 457 333 521 propere
356 434 524 501 Christum
547 434 640 498 fusae
663 434 785 517 petiere
809 439 965 500 catervae.

85 524 248 610 Discipuli
270 525 395 590 interea
418 523 621 609 rogitabant,
644 526 787 588 sumeret
810 545 909 590 escas.

82 614 146 678 Ille
171 613 250 678 satis
275 613 337 678 sibi
361 613 570 696 pulchrorum
593 633 762 700 superesse
786 612 931 678 ciborum

85 702 276 786 Respondit.
323 700 386 767 Sed
409 705 479 766 tum
503 701 681 766 mirantum
705 700 938 784 discipulorum

85 790 179 856 Inter
203 813 237 855 se
260 791 397 856 occultis
422 790 573 856 currebat
595 811 701 854 sermo
724 789 891 874 loquellis:
1049 805 1101 855 300

86 877 210 965 „Forte
234 879 352 964 aliquis
375 878 465 962 prior
488 879 541 943 hic
566 879 677 962 epulas
703 878 791 942 dedit
814 881 890 944 ante
913 878 1084 964 magistre,

88 969 229 1034 Nostrae
253 972 291 1033 ut
313 968 429 1032 merito
454 967 591 1032 satiatus
614 971 748 1050 respuat
771 967 891 1032 escas.“

85 1056 150 1120 Ille
174 1057 230 1120 sed
253 1057 399 1122 internae
422 1077 555 1121 cernens
580 1055 750 1120 molimina
772 1055 907 1122 mentis:

84 1143 183 1230 „Hae
206 1144 288 1210 mihi
311 1148 387 1210 sunt
411 1145 539 1229 epulae,
562 1148 675 1229 pectus
698 1143 873 1209 satiabitur
896 1143 999 1225 istud,

88 1233 125 1298 si
147 1231 266 1298 faciam
290 1233 403 1319 magni
426 1233 583 1319 genitoris
607 1232 696 1297 iussa
719 1253 777 1316 per
800 1233 921 1297 orbem.
1052 1247 1104 1296 010

87 1322 258 1398 Quattuor
280 1321 357 1387 hinc
379 1342 507 1386 menses
531 1321 637 1385 laetae
661 1321 702 1384 ad
725 1320 903 1404 primordia
927 1319 1043 1385 messis

86 1410 281 1495 Frugiferae
305 1409 440 1474 aestatis
464 1413 551 1475 certe
575 1430 744 1493 superesse
767 1409 900 1493 0010110.

87 1499 219 1582 Erigite
244 1521 322 1584 ergo
347 1498 469 1582 oculos,
494 1499 639 1564 albentes
664 1497 784 1563 cernite
808 1519 954 1582 campos,

87 1587 278 1671 Cunctaque
301 1590 463 1652 maturam
487 1586 560 1652 iam
575 1609 652 1651 rura
675 1608 846 1670 exposcere
869 1607 1016 1652 messem.

85 1675 186 1742 Nunc
209 1677 402 1760 quicumque
425 1679 541 1757 metet,
565 1676 692 1760 pulchri
715 1675 861 1740 mercede
884 1674 1023 1740 laboris.
1053 1689 1105 1740 310

86 1764 259 1848 Vitalique
283 1764 398 1830 dehinc
422 1764 578 1848 gaudebit
601 1763 695 1848 fruge
717 1762 901 1828 redundans

75 1853 137 1920 ‚Et
160 1857 251 1918 00100
275 1852 412 1937 accipiet
434 1874 616 1918 messorum
639 1851 758 1936 gaudia
780 1853 894 1915 laetus.

88 1941 162 2007 Vos
186 1961 246 2025 ego
269 1962 354 2006 nunc
377 1939 453 2006 misi
476 1941 645 2026 gravidam
669 1939 830 2004 succidere
854 1959 1008 2024 messem,

88 2030 182 2106 Quae
205 2051 271 2094 non
295 2034 345 2094 est
368 2033 477 2094 000100
502 2028 601 2093 001010
624 2029 745 2092 inserta
768 2028 888 2093 labore.

87 2118 161 2184 Vos
185 2119 292 2182 aliena
313 2118 419 2182 bonae
442 2118 594 2182 ditabunt
617 2115 904 2201 1000000100010.α
1053 2133 1105 2183 300

87 2207 227 2272 Talibus
252 2205 412 2291 adloquiis
436 2207 591 2271 comitum
615 2205 691 2270 dnm
714 2210 846 2289 pectora
868 2207 1021 2289 complet,

88 2295 176 2360 11000
202 2293 401 2361 Samaritnm
424 2295 538 2379 populi
561 2315 679 2359 venere
702 2297 857 2380 rogantes

89 2385 304 2467 Exorantque
327 2383 396 2448 11110
420 2383 568 2469 geminos
591 2383 767 2466 inpendere
791 2383 886 2449 soles.

90 2472 226 2555 Iamque
249 2471 329 2536 fides
353 2473 474 2537 multos
497 2472 604 2557 plebis
626 2471 821 2538 fundaverat
845 2472 925 2555 alta3

64 2560 67 2565 ’
90 2559 162 2625 Nec
185 2560 251 2625 iam
273 2559 422 2625 femineis
444 2564 575 2626 tantum
598 2560 788 2625 concredere
811 2559 919 2624 verbis
1054 2576 1105 2624 325

88 2649 202 2733 Ipsos,
225 2649 282 2714 sed
305 2671 416 2715 coram
438 2650 543 2714 virtus
568 2647 742 2714 manifesta
765 2647 917 2730 docebat,

91 2737 250 2802 Venisset
273 2739 371 2803 saecli
394 2738 479 2823 quod
502 2737 569 2802 iarn
593 2739 741 2802 serrator
763 2735 864 2800 Iesus.

130 2824 274 2910 ‘Iamque
298 2823 489 2891 Galilaeam·
502 2828 704 2891 remeaverat
726 2825 761 2888 in
783 2823 963 2910 regionem,

91 2913 267 2990 Quondam
291 2913 348 2978 ubi
370 2911 522 2978 fontanas
547 2913 622 2977 vino
645 2916 830 2977 mutaverat
853 2913 964 2979 undas.

93 3003 217 3087 Regius
240 3001 294 3068 hic
316 3001 456 3086 iuvenis,
479 3002 532 3066 cui
553 3005 668 3067 natum
692 3002 824 3066 morbus
848 3001 965 3068 anhelo
1056 3017 1108 3066 030

94 3090 221 3157 Ardere
245 3091 399 3156 extremis
422 3091 510 3155 vitae
533 3090 681 3155 torrebat
704 3090 739 3156 in
762 3090 841 3175 oris,

92 3179 265 3264 Comperit
287 3183 324 3243 01
347 3177 516 3244 Christum
539 3183 626 3244 certo
650 3200 812 3244 remeasse
835 3201 977 3264 recursu,

92 3267 240 3334 Advolat
264 3271 297 3332 01
319 3267 471 3353 precibus
495 3269 619 3334 subolis
642 3290 702 3353 pro
726 3272 814 3332 sorte
837 3267 979 3352 profusis

33 3476 38 3486 '
169 3477 390 3546 303100οη000
410 3477 477 3534 0¹n
497 3477 541 3549 (0²
559 3477 648 3548 imp),
667 3476 823 3546 expendere
843 3475 881 3528 M
899 3475 909 3540 [1
931 3475 982 3525 331
1002 3465 1109 3522 Ardere

95 3547 365 3615 0101000000
442 3548 446 3558 '
567 3559 573 3573 ·
