2532 4114
173 186 193 250 6
406 142 410 148 ’
592 183 701 239 LIBER
719 184 739 238 1.
794 265 802 270 ᾖ

175 330 244 396 Nec
268 330 369 395 dilata
393 329 447 394 diu
469 333 628 394 venerunt
651 351 785 394 munera
807 329 919 412 prolis.

174 419 283 483 Anxia
307 419 363 483 sed
385 418 508 482 ventris
532 419 660 483 celabat
684 419 802 504 gaudia
826 419 977 502 coniunx,
1159 437 1200 486 50

171 506 285 572 Donec
308 509 449 591 quinque
473 529 586 572 cavam
610 507 809 591 complerent
832 507 957 571 lumina
980 509 1100 572 lunam.

240 595 331 660 Tunc
353 595 478 661 maiora
501 595 615 661 dehinc
638 595 724 660 idem
747 595 903 660 mandata
925 596 1075 660 minister

171 682 301 749 Detulit
324 685 365 750 ad
386 683 509 750 Mariae
533 684 691 749 demissus
714 685 852 770 virginis
876 706 978 750 aures.

170 771 260 837 Haec
284 773 445 858 desponsa
468 795 527 838 suo
550 795 608 856 per
631 775 781 857 tempora
804 777 893 838 certa
916 773 1100 857 propinquo

172 860 298 926 Abdita
320 861 477 947 virgineis
500 865 589 927 caste
611 862 786 947 pubescere
810 861 903 927 tectis
1155 879 1193 928 55

171 949 216 1014 Et
239 971 369 1015 servare
392 951 476 1014 diem
499 949 597 1014 iussis
621 950 781 1034 permissa
803 953 984 1034 parentum.

172 1038 224 1110 Ad
247 1060 345 1122 quam
368 1039 581 1124 tranquillum
606 1059 788 1103 sermonem
811 1039 944 1104 nuntius
966 1033 1050 1102 infit:

172 1125 305 1210 „Salva
327 1130 612 1214 progeniesterras
636 1127 746 1191 iutura
770 1127 907 1209 salubri,

171 1213 293 1280 Desine
317 1222 493 1300 conspectu
517 1219 660 1280 mentem
683 1217 816 1281 turbare
839 1216 988 1281 verendo.

171 1302 257 1368 Nam
280 1308 337 1369 tua
361 1305 544 1389 concipient
568 1305 700 1370 caelesti
724 1305 849 1370 viscera
872 1305 963 1370 iussu
1154 1323 1190 1372 ec

169 1391 310 1476 Natum,
334 1415 430 1477 quem
453 1414 588 1477 regnare
612 1392 700 1457 Deus
724 1415 784 1478 per
806 1393 935 1458 saecula
958 1397 1074 1458 cuncta

170 1479 216 1544 Et
238 1482 405 1565 propriam
429 1481 515 1546 credi
539 1481 685 1548 subolem
709 1481 893 1567 gaudetque
915 1482 1068 1565 iubetque

170 1567 266 1634 Hunc
288 1569 345 1634 ubi
369 1571 429 1634 sub
452 1570 557 1636 lucem
581 1570 719 1650 dederis,
743 1569 786 1634 sit
808 1571 940 1635 nomine
962 1569 1083 1635 Iesus.“

170 1657 223 1720 Ad
247 1679 343 1742 quem
366 1659 461 1744 virgo
485 1658 602 1724 dehine
624 1659 741 1742 pavido
765 1660 812 1724 sic
834 1659 967 1724 inchoat
989 1681 1058 1723 ore:

170 1743 311 1828 „Nullos
336 1751 511 1831 conceptus
534 1747 605 1812 fieri
629 1750 697 1812 sine
721 1747 858 1832 coniuge
882 1747 1005 1832 dicunt3
1152 1765 1187 1816 65

174 1832 268 1898 Unde
289 1835 393 1922 igitur
417 1835 564 1902 subolem
587 1836 736 1900 mihimet
760 1836 898 1920 sperabo
922 1836 1077 1901 venire?“

169 1922 313 1989 Nuntius
336 1924 416 1990 haec
440 1929 553 1990 contra
577 1925 673 1989 celeri
698 1947 845 1990 sermone
868 1923 1030 2008 profatur:

168 2010 301 2095 „Virtus
326 2014 412 2078 celsa
434 2012 497 2077 Dei
520 2013 796 2079 circumvolitabit
820 2014 1032 2096 obumbrans,

170 2098 310 2185 Spiritus
334 2105 366 2165 ct
390 2101 499 2166 veniet
521 2124 633 2186 purus,
657 2102 833 2167 lectissima
856 2102 964 2188 virg0‚

168 2190 218 2252 Ac
240 2189 303 2252 tibi
326 2212 401 2255 mox
423 2212 560 2274 puerum
584 2195 674 2256 casto
699 2212 846 2256 sermone
869 2190 995 2256 iubebit
1149 2209 1185 2257 70

93 2361 94 2364 Ἴ
171 2275 383 2363 Magnificum
407 2279 500 2365 gigni
522 2280 667 2365 populis,
691 2301 786 2363 quem
810 2280 939 2344 credere
963 2283 1111 2346 sanetum

171 2363 382 2451 Supremiquc
405 2367 468 2432 Dei
490 2373 604 2433 natum
629 2367 772 2433 vocitare
795 2389 925 2432 necesse
950 2371 1007 2432 est.

171 2451 230 2518 Sic.
247 2460 388 2540 cognata
411 2457 486 2539 tibi,
511 2457 633 2522 sterilis
658 2478 740 2540 quae
765 2456 887 2520 credita
910 2457 1048 2539 cunctis,

170 2541 345 2608 Zachariae
368 2546 508 2610 coniunx
531 2545 664 2610 mortali
687 2546 833 2630 germine
857 2567 960 2629 nuper
1006 2599 1013 2608 .

169 2633 260 2696 Aevo
285 2632 418 2698 defessis
442 2634 553 2699 hausit
576 2634 734 2698 miracula
756 2633 919 2700 membris.
946 2635 978 2659 “
1148 2651 1182 2699 75

171 2718 287 2785 Sextus
311 2722 403 2787 adest
426 2723 559 2788 mensis:
582 2726 699 2808 parent
722 2721 768 2787 sic
792 2721 901 2788 omnia
923 2721 1049 2787 iussis.“

169 2808 274 2895 Virgo
299 2810 427 2876 dehinc:
449 2809 614 2896 „Domino
637 2810 796 2875 famulam
818 2833 903 2875 nunc
927 2832 998 2876 ecoe
1022 2811 1159 2896 iubenti,

169 2895 216 2960 Ut
239 2901 297 2962 tua
318 2900 419 2964 verba
443 2903 575 2982 sonant,
599 2900 703 2964 cernis
729 2900 848 2964 servire
872 2899 1049 2984 paratam.“

171 2983 315 3052 Nuntius
339 2989 514 3054 abscedens
538 2988 648 3054 vacuis
672 3010 705 3053 se
729 2988 873 3053 condidit
897 2989 993 3053 auris.

235 3073 297 3166 Illa
321 3077 436 3141 dehinc
459 3077 581 3160 rapidis
603 3076 756 3142 Iudaeam
780 3077 932 3160 passibus
955 3077 1070 3142 urbem
1147 3093 1181 3143 80
1251 3103 1252 3158 4

240 3236 274 3285 50
290 3231 493 3297 coniuanV¹,
505 3233 687 3288 coniuxO¹M
699 3235 708 3302 ll
723 3238 756 3290 58
766 3233 861 3287 iutura
873 3234 910 3287 M
913 3233 1078 3301 RMarMp,
1088 3233 1182 3287 futura

170 3301 211 3356 01·
220 3299 258 3332 11
271 3304 280 3370 l
294 3307 328 3358 63
343 3303 455 3360 nomine
471 3303 517 3372 01,
535 3321 638 3359 nomen
652 3321 685 3358 ea
699 3303 812 3358 nomine
821 3305 925 3370 saetam
935 3303 974 3356 M
983 3305 992 3371 ll
1007 3308 1042 3357 64
1051 3301 1182 3370 pavidos

168 3407 255 3445 manu
263 3393 415 3461 posteriore
428 3395 460 3447 in
472 3409 558 3461 mar-p.
567 3393 721 3462 stippentur
730 3391 763 3448 0¹
776 3393 926 3460 {1'70Hunc
939 3390 994 3446 tibi
1003 3405 1068 3446 mox
1077 3382 1128 3457 pbr
1136 3385 1183 3458 irie

171 3477 286 3530 puerum
308 3461 342 3518 01
356 3464 365 3531 [l
380 3468 414 3517 74
433 3463 600 3519 zacchariae
621 3462 674 3530 011
691 3462 811 3516 coniunx
831 3461 943 3520 01371
956 3463 966 3531 ΙΙ
980 3467 1014 3514 75
1033 3458 1129 3516 hausit
1148 3461 1182 3516 01
1240 3481 1245 3492 ·

167 3529 195 3584 R
204 3531 245 3585 1⁷²
255 3534 312 3602 (sed
320 3534 365 3588 liic
379 3535 537 3589 hebraeam
547 3535 605 3602 est),
619 3532 719 3587 hauxit
727 3531 771 3601 1⁷¹,
782 3531 861 3586 auxit
