2532 4114
189 243 254 298 XIV
417 285 419 290 .
553 242 841 301 PROLEGOMENA.

190 389 340 456 nonnulli
360 389 483 474 passim
501 390 656 455 lectiones
677 391 834 475 quasdam
853 391 1006 456 classium
1026 395 1207 458 ceterarum

191 479 356 564 exhibent3
380 500 485 564 neque
509 479 604 556 enim,
629 502 701 544 cum
725 484 822 564 poeta
839 483 952 544 noster
971 481 1091 545 iterum
1111 487 1207 567 atque
1247 512 1249 565 μ

190 567 308 632 iterum
332 591 352 633 a
376 568 500 634 clericis
524 569 559 632 in
577 566 738 633 Hibernia
762 573 795 634 et
814 566 925 634 Scotia
947 569 1097 652 inprimis
1122 574 1154 635 et
1172 573 1207 636 iu
1247 572 1249 581 '

189 677 291 742 regno
315 655 515 722 Francorum
543 657 707 741 legeretur
735 661 768 722 et
795 657 1034 723 describeretur
1061 663 1093 722 et
1116 659 1207 725 insti-

190 746 310 810 tutioni
339 745 554 830 subiceretur,
582 745 765 810 mirandum
794 751 858 832 est,
886 746 914 810 si
940 747 1065 812 codices
1089 747 1206 814 diversi
1248 776 1253 867 p

189 833 275 899 inter
302 857 336 899 se
365 833 616 901 conferebantur
644 839 677 900 et
704 835 861 901 lectiones
886 836 997 900 variae
1021 839 1054 900 et
1078 838 1206 922 glossae

189 923 466 1008 adscribebantur,
490 945 581 1008 quae,
600 941 672 988 oum
691 924 843 988 librarius
866 924 1009 990 codicem
1028 925 1090 989 hoc
1109 927 1204 992 modo

190 1015 322 1077 auctum
346 1012 551 1096 describeret,
574 1012 609 1076 in
634 1013 859 1099 apographum
884 1013 1076 1078 defluebant.

257 1099 382 1166 (lodex
416 1099 762 1187 Oantabrigiensis
788 1098 862 1188 (Οο)
889 1102 1107 1168 bibliothecae
1136 1105 1206 1168 uni-

188 1189 354 1255 versitatis
382 1189 426 1254 Ff
450 1188 498 1255 IV
524 1191 569 1254 42
598 1189 664 1274 (no.
691 1187 793 1278 1285)
821 1193 956 1256 membr.
984 1187 1020 1255 40
1043 1213 1125 1257 saec.
1148 1193 1205 1258 IX.

187 1277 236 1344 De
266 1301 303 1345 eo
332 1283 469 1365 egerunt
496 1276 648 1343 Vicomte
676 1279 715 1344 de
742 1280 775 1344 la
802 1278 1039 1364 Villemarque‚
1068 1279 1206 1348 Notices

189 1367 244 1432 des
269 1367 460 1454 principaux
478 1367 675 1434 Manuscrits
700 1367 756 1432 des
778 1369 908 1434 enciens
927 1369 1067 1434 Bretons
1086 1366 1204 1456 (1856)

187 1479 218 1542 p.
247 1457 370 1542 8-123
394 1456 447 1520 W.
474 1455 510 1521 F.
534 1454 653 1540 Stena,
681 1455 750 1522 The
778 1457 854 1522 four
881 1459 1010 1524 ancient
1038 1458 1141 1524 books
1171 1460 1209 1525 of

187 1544 312 1630 wales,
345 1547 408 1610 vol.
441 1544 474 1609 ΙΙ
503 1569 534 1631 p.
564 1547 628 1610 311
645 1567 688 1610 ss.
721 1543 925 1632 (plerumque
957 1547 1134 1632 repetitum
1166 1571 1205 1613 ex

187 1633 309 1699 litteris
334 1633 445 1698 Skenii
474 1638 507 1699 et
535 1633 663 1700 Guestii
690 1635 726 1698 in
749 1635 989 1722 Archaeologia
1012 1633 1205 1702 (lambrensi

187 1745 215 1787 a.
242 1723 328 1788 1862
350 1745 404 1808 pp.
430 1720 756 1811 153—155editis);
783 1723 1028 1806 Reifferscheid,
1052 1723 1206 1790 Berichte

187 1811 244 1876 der
271 1810 406 1876 Wiener
432 1811 537 1876 Akad.
568 1813 612 1878 84
638 1834 670 1895 p.
698 1813 763 1878 548
779 1834 803 1876 s.
850 1812 971 1878 Textus
1000 1812 1135 1878 quenci
1167 1838 1205 1880 ex

91 1924 93 1928 ·
186 1901 377 1986 apographo
404 1899 523 1966 codicis
546 1901 592 1966 M
611 1901 792 1987 descriptus
817 1899 875 1986 est,
894 1901 979 1985 quod
997 1903 1206 1988 paucissimis

186 1989 266 2055 locis
290 1990 446 2055 lectiones
468 1988 615 2055 familiae
637 1989 670 2055 R
692 1993 868 2075 receperat.

254 2076 380 2143 Codex
416 2077 539 2143 Musei
571 2077 795 2144 Britannici
833 2079 903 2144 add.
938 2079 1046 2145 19723
1080 2075 1204 2168 (Add¹)

186 2166 320 2232 membr.
343 2163 380 2231 40
403 2189 484 2232 saec.
508 2167 547 2234 X.
583 2166 671 2232 Ante
694 2171 820 2232 textum
843 2166 974 2233 Iuvenci
996 2167 1053 2233 fol.
1078 2171 1112 2232 1⁸
1134 2191 1204 2234 car·

186 2277 261 2320 men
285 2255 506 2340 rhythmicum
530 2256 569 2321 de
593 2257 770 2321 canonibus
789 2255 986 2322 Eusebianis
1010 2260 1089 2342 erat,
1115 2260 1204 2341 quod

184 2344 324 2428 legimus
355 2344 411 2410 fol.
439 2347 460 2410 2
493 2345 612 2411 codicis
641 2345 839 2430 Turrensis,
872 2346 928 2411 sed
959 2367 1045 2411 nunc
1072 2367 1204 2411 erasum

185 2437 249 2518 est3
281 2433 360 2498 item
395 2434 556 2517 praefatio
586 2435 625 2498 de
653 2437 811 2519 quattuor
839 2433 1057 2521 evangelistis.
1102 2433 1205 2500 Liber

185 2526 256 2588 erat
294 2534 340 2588 sci
377 2523 543 2587 alexandri
581 2521 650 2610 (fol.
689 2520 752 2612 1¹³);
793 2523 932 2608 scriptus
970 2526 1019 2588 est
1054 2523 1088 2588 in
1121 2521 1204 2588 Ger·

185 2633 304 2677 mama.

251 2698 379 2765 Oodex
406 2699 631 2766 Turicensis
660 2697 723 2788 (P)
752 2699 778 2766 O
807 2702 849 2766 68
880 2699 974 2788 (384)
1003 2701 1138 2765 membr.
1166 2701 1205 2766 4⁰

184 2809 267 2853 saec.
294 2789 350 2854 IX.
395 2787 479 2854 Vide
507 2790 546 2854 de
574 2811 611 2854 eo
639 2789 663 2854 Ι.
687 2789 887 2856 Huemerum
914 2792 949 2855 in
977 2789 1050 2854 edit.
1078 2789 1205 2855 Sedulii

182 2899 213 2962 p.
237 2876 301 2941 XII
331 2882 364 2942 et
388 2878 423 2942 in
446 2877 569 2942 Studiis
593 2877 902 2945 Vindobonensibus
926 2877 1013 2963 Hp.
1037 2879 1203 2945 81-112,

184 2963 247 3031 Sed
279 2966 417 3032 nimium
449 2968 553 3031 textui
583 2966 715 3034 Iuvenci
747 2968 888 3052 pretium
921 2967 1087 3051 attribuit,
1123 2967 1202 3032 nam
1252 2975 1253 2992 ³

182 3055 303 3133 mixtus
333 3061 382 3120 est
412 3060 445 3120 et
470 3056 647 3120 maximam
670 3060 799 3142 partem
823 3057 864 3121 ad
887 3056 1031 3121 indolem
1054 3055 1203 3121 familiae

102 3205 107 3218 ,
181 3145 228 3209 Μ
254 3146 390 3231 accedit,
424 3144 487 3209 etsi
517 3146 684 3210 nonnullis
716 3146 798 3210 locis
831 3144 988 3210 lectiones
1017 3147 1201 3224 ceterarum

181 3232 382 3298 familiarum
405 3237 554 3318 receptae
578 3237 663 3299 sunt.

249 3321 377 3388 (lodex
400 3321 704 3387 Karlsruhensis
724 3319 792 3409 (K)
815 3322 891 3404 217,
915 3319 992 3385 clim
1014 3319 1201 3406 Augiensis‚

181 3412 318 3476 membr.
345 3409 382 3476 40
409 3432 490 3477 saec.
518 3410 566 3474 IX
595 3411 751 3476 exeuntis.
796 3409 837 3476 V.
865 3409 904 3475 de
933 3431 971 3476 eo
998 3408 1201 3476 Huemerum

180 3499 216 3562 in
244 3500 291 3563 ed.
322 3499 429 3566 Sedul.
456 3523 487 3584 p.
514 3499 563 3564 XI
577 3521 601 3564 s.
649 3499 796 3565 Secunda
827 3523 904 3586 pars
932 3499 1052 3565 codicis
1079 3498 1202 3565 iterum

180 3585 358 3652 Iuvencum
382 3588 536 3673 continet,
560 3587 616 3654 sed
640 3591 777 3673 uterque
799 3593 908 3656 textus
931 3588 1061 3655 vinculo
1086 3590 1204 3654 arctis-
