2532 4114
394 1043 804 1120 PROLEGOMENA.

543 1221 649 1229 ——-..

51 1333 74 1428 *J
156 1343 238 1408 Post
255 1341 468 1408 novissimam
481 1339 668 1427 „Historiae
687 1342 914 1428 evangelicae“
932 1341 1106 1408 editionem

50 1457 72 1492 e
87 1431 238 1497 criticam
257 1453 277 1496 a
295 1429 330 1494 F.
349 1429 492 1495 Arevalo
512 1453 540 1496 a.
561 1431 646 1496 1792
664 1427 854 1518 paratam*)
872 1431 912 1498 A.
926 1431 964 1496 R.
983 1430 1107 1497 Gebser

46 1545 75 1616 ς,
89 1543 117 1584 a.
144 1521 228 1586 1827
254 1519 418 1604 specimen
440 1520 673 1604 prolegomena
696 1524 730 1585 et
751 1519 871 1585 librum
895 1517 913 1584 I
936 1519 1106 1586 continens

51 1600 70 1697 ζ
86 1609 194 1693 primo
214 1612 247 1673 'et
260 1608 355 1674 unico
371 1607 534 1674 volumine
548 1607 767 1674 bibliothecae
780 1608 919 1674 Latinae
932 1613 1105 1694 poetarum

1 1759 2 1764 ,
58 1698 234 1767 §veterum
258 1695 518 1766 Christianorum
546 1697 656 1764 edidit.
701 1697 749 1764 At
774 1697 899 1764 nullius
925 1697 1024 1783 pretii
1047 1702 1106 1784 eat,

53 1794 162 1864 fcum
185 1789 297 1852 auctor
318 1808 386 1853 non
409 1785 505 1851 modo
529 1785 632 1852 libros
656 1788 897 1871 manuscriptos
920 1786 1031 1852 nullos
1056 1786 1105 1852 in·

60 1864 244 1960 dspexeut,
259 1874 330 1940 'sed
353 1896 394 1939 ue
418 1874 596 1940 editionem
619 1874 751 1958 quidem
775 1873 920 1958 drausii,
949 1896 1048 1958 quam
1071 1897 1105 1942 se

1 1983 3 2012 2
44 1958 201 2046 simultis
228 1963 310 2028 locis
338 1961 522 2047 quaesitam
544 1984 611 2028 non
634 1962 795 2047 accepisse
818 1986 849 2048 p.
873 1963 904 2027 9.
927 1963 1106 2048 confirmat,

86 2053 122 2116 in
145 2050 296 2118 manibus
318 2050 479 2116 habuerit.
525 2048 639 2136 Neque
662 2073 739 2117 vero
762 2051 821 2117 illa
845 2051 945 2117 editio
969 2051 1105 2118 Arevali

1 2145 2 2184 ³
88 2142 237 2225 quamvis
253 2163 272 2204 a
287 2141 357 2206 viro
372 2139 591 2205 eruditissimo
602 2139 775 2226 diligenter
783 2144 973 2226 perpetrata
981 2141 1104 2208 uostris

87 2229 289 2314 temporibus
312 2229 379 2293 iam
403 2228 532 2294 sufficit.
568 2227 655 2295 Nam
675 2228 838 2295 codicibus
857 2230 914 2295 ille
933 2229 1103 2296 Vaticanis

87 2318 223 2383 nimium
252 2319 392 2382 confisus
421 2318 600 2402 scripturas
628 2318 769 2384 aliorum
793 2318 940 2385 codicum
964 2318 1104 2404 singulis

88 2407 217 2492 quidem
250 2406 331 2472 locis
362 2405 492 2472 notavit
522 2406 577 2472 sed
607 2407 676 2472 sine
704 2411 792 2473 certa
819 2407 947 2492 ratione
974 2407 1103 2493 delegit.

1 2491 10 2513 '
88 2495 220 2562 Codices
245 2498 355 2560 autem
373 2493 527 2562 Vaticani
549 2517 609 2561 nee
632 2499 745 2561 tantae
765 2497 936 2562 vetustatis
955 2518 1016 2561 nec
1033 2500 1103 2560 tem

86 2587 291 2668 praestantes
310 2587 387 2650 sunt
408 2606 506 2669 quam
524 2583 687 2672 Arevalus
706 2606 761 2650 eos
781 2606 851 2650 esse
870 2588 1008 2669 putavit,
1027 2583 1104 2649 lieet

88 2695 107 2738 a
132 2672 309 2758 codicibus,
337 2695 418 2758 quos
445 2673 516 2759 ipse
545 2695 611 2739 non
634 2673 803 2760 cognovit,
831 2671 912 2738 haut
934 2672 983 2737 ita
1005 2672 1103 2759 longe

87 2761 204 2827 absint.

152 2851 267 2935 ltaque
300 2849 341 2914 ad
372 2871 484 2916 verum
512 2855 639 2917 textum
667 2849 820 2915 carminis
847 2849 1023 2916 identidem
1052 2851 1102 2916 de·

89 2939 200 3024 scripti
232 2942 266 3003 et
298 2939 418 3024 glossis
450 2938 559 3004 vexati
587 2938 762 3004 eruendum
790 2939 932 3025 codices,
964 2961 1102 3024 quorum

9 3031 18 3050 ¹
87 3047 222 3112 magnus
250 3049 404 3094 numerus
432 3028 467 3092 in
495 3026 701 3094 bibliothecis
729 3026 934 3114 Britanniae,
964 3027 1101 3112 Galliae,

88 3115 291 3199 Germaniae,
331 3113 516 3200 Helvetiae,
557 3115 749 3202 Hispaniae,
791 3117 908 3182 Italiae
945 3121 1102 3201 servatur,

4 3175 22 3286 l
88 3209 242 3289 quantum
273 3205 344 3270 fieri
375 3209 520 3290 poterat,
552 3207 701 3291 inprimis
735 3205 956 3290 antiquissimi
983 3206 1101 3270 exami-

4 3295 20 3316 ’“
86 3293 183 3359 nandi
213 3297 316 3359 erant.
361 3293 411 3359 Ae
438 3298 569 3380 praeter
596 3295 806 3360 collationem
834 3294 980 3360 codicum
1008 3291 1100 3358 Vati·

5 3355 22 3446 Ι
88 3404 239 3448 canorum
268 3383 309 3448 ab
333 3381 477 3450 Arevalo
505 3382 693 3448 institutam
720 3405 787 3449 non
810 3383 996 3449 absolutam
1019 3380 1100 3444 haec

153 3549 337 3680 &Repetite
366 3558 408 3613 est
429 3557 502 3612 hacc
525 3555 613 3614 editio
635 3557 667 3612 in
689 3554 792 3626 Mignii
814 3550 978 3623 Patrclogia
1001 3549 1100 3620 latina,

87 3631 150 3683 tom.
196 3625 236 3681 IX
254 3645 281 3698 p.
302 3633 365 3683 uss.

492 3749 760 3859 azarias:
849 3709 887 3766 ²*
