2484 4114
164 208 207 274 58
582 207 691 262 niens
709 207 755 264 111.

163 353 237 438 lpse
260 352 317 418 sed
340 353 375 418 in
398 352 514 437 primis
537 354 656 417 mirata
678 351 816 438 virginis
840 357 912 418 erte

163 441 336 507 Attonitus
360 443 499 526 stupuit3
523 446 594 507 tum
616 441 764 526 praemia
787 446 903 508 cuncte
926 446 1039 526 petere

163 531 294 595 Iuratus
318 530 470 616 spondet,
494 551 713 614 quoecumque
736 530 847 613 puelle
869 533 1014 616 petisset
1154 552 1187 600 eo

163 618 228 684 Ille
251 619 308 684 sed
331 619 512 684 horrendae
536 641 669 684 servans
694 619 818 684 scelere
840 619 942 704 impie
965 621 1082 686 metris

163 707 282 793 Urget,
305 705 462 773 Iohannis
486 711 583 791 ceput
607 729 626 772 a
649 707 771 772 cervice
795 708 922 792 revelli,

163 796 210 864 nt
233 797 326 862 lance
347 796 463 862 inferri
485 796 670 879 praesentio
693 817 829 861 munere
851 818 998 882 poscens.

163 884 378 951 Praesentum
400 884 546 950 Herodes
570 906 740 969 procerum
762 885 824 950 sub
847 885 988 970 pondere
1011 885 1134 972 tristis,

164 973 361 1058 Iurandique
385 995 509 1038 memor
532 973 612 1038 iuris
634 976 746 1038 temen
768 973 909 1058 imperet
932 995 1042 1059 aegre,
1151 991 1186 1042 eo

150 1061 309 1128 ‘Insontis
333 1065 431 1146 caput
454 1061 568 1126 inferri
590 1060 738 1146 tradique
761 1061 900 1145 puellae.

162 1150 286 1216 Ille-
307 1150 399 1216 nefas
423 1187 458 1198 -
481 1150 597 1216 matris
621 1151 781 1216 scelerate
804 1150 846 1216 ed
869 1151 990 1233 gaudie
1012 1155 1139 1236 portat.

161 1237 317 1324 Corporis
341 1243 376 1305 et
399 1240 542 1304 lacerum
565 1239 682 1303 flentes
705 1238 774 1307 sine
797 1241 928 1304 nominc
951 1242 1103 1304 truncum

161 1326 323 1412 Discipuli
346 1328 490 1394 condunt
512 1333 619 1394 terroe
644 1324 876 1413 Christumque
899 1333 1090 1412 sequuntur.

205 1416 269 1481 Ille
292 1416 349 1482 ubi
371 1418 525 1500 cognovit
546 1416 625 1480 iusti
648 1415 832 1482 miserabile
856 1418 971 1501 letum,
1150 1435 1183 1485 το

162 1504 294 1570 Deserit
316 1505 439 1569 insonti
461 1505 621 1588 pollutam
645 1503 803 1588 sanguine
825 1508 947 1570 terram

161 1591 392 1676 Frondoseque
415 1593 498 1657 latet
522 1596 664 1658 secretae
686 1593 783 1658 vellis
807 1593 842 1658 in
863 1595 989 1659 umbre„

163 1679 228 1746 Sed
250 1680 365 1766 populi
388 1682 566 1746 immensae
588 1681 720 1746 virtutis
744 1681 828 1747 done
852 1685 1040 1766 sequuntur.

162 1768 222 1835 Ille
245 1769 302 1835 ubi
325 1770 514 1835 credentum
537 1770 651 1836 turbes
673 1771 708 1834 in
732 1769 816 1838 velle
839 1773 967 1836 remote

163 1855 361 1924 Oonvenisse
384 1858 487 1943 videt,
510 1858 700 1924 morborum
722 1858 799 1922 tabe
821 1860 952 1942 repulse
1149 1877 1182 1927 ‘15

162 1945 309 2033 Corpore,
332 1947 471 2012 subiecit
493 1948 666 2012 miseratus
690 1947 794 2012 multe
818 1947 983 2012 medellae.

204 2035 340 2119 Iamque
364 2036 424 2100 sub
449 2038 594 2100 extremo
616 2035 759 2100 labentis
782 2034 905 2100 lumine
928 2035 1007 2101 solis

160 2123 322 2206 Discipuli
346 2121 476 2189 Christo
500 2124 638 2189 suadent
659 2123 824 2189 dimittere
846 2123 976 2207 turbes,

159 2210 207 2277 Ut
230 2211 294 2276 sibi
317 2212 453 2297 quisque
475 2216 569 2298 peret
592 2233 749 2296 quaerens
773 2233 831 2295 per
853 2212 995 2298 compita
1017 2212 1153 2280 victum.

160 2299 221 2364 Ille
243 2299 335 2365 iubet
358 2300 481 2366 cunctis
505 2300 627 2366 ibidem
650 2299 800 2366 convivio
822 2301 909 2386 poni.
1144 2317 1180 2368 80

160 2389 323 2474 Discipuli
345 2388 535 2473 ostendunt,
556 2389 604 2453 nil
628 2388 768 2473 emplius
792 2411 862 2454 esse
887 2389 1033 2454 ciborum

160 2477 205 2544 Ni
227 2477 333 2563 pisces
357 2477 505 2561 geminos
529 2481 562 2542 et
584 2475 681 2542 ferris
704 2475 869 2561 fragmine
892 2478 1043 2561 quinque.

160 2565 268 2652 „Hom
290 2566 411 2651 inquit,
435 2565 514 2632 setis
529 2563 606 2630 est.“
629 2565 713 2630 Tum
732 2587 806 2631 mox
825 2565 1026 2632 discumbere
1045 2565 1178 2650 plebem

162 2655 408 2741 Gramineisque
430 2655 513 2720 toris
536 2654 633 2720 iussit
655 2676 849 2738 componere
873 2655 1027 2720 membre.

160 2743 408 2829 Suspiciensque
431 2744 546 2808 dehinc
568 2742 694 2818 caelum
718 2743 865 2830 genitore
888 2746 1020 2827 precato
1138 2759 1174 2810 eo

159 2832 234 2916 Ipse
256 2832 337 2897 duos
360 2832 464 2916 pisces
488 2836 521 2897 et
545 2832 686 2917 quinque
710 2853 750 2896 ex
773 2831 885 2896 ordine
907 2853 1008 2916 penes

159 2919 285 2986 Dividit
270 2923 341 2984 tet
359 2920 500 3012 dapibus
524 2942 653 2986 menses
677 2921 825 2986 oneravit
848 2920 975 3004 opimis.

159 3008 293 3093 Iamque
316 3001 447 3092 explete
468 3009 612 3073 iscet-
634 3008 701 3074 dict
686 3012 723 3074 tu
746 3007 955 3074 mirabile—
917 3008 1103 3093 —plebes,

158 3097 390 3182 Reliquiesque
414 3096 530 3162 dehine
553 3097 673 3163 mensis
697 3097 805 3181 legere
829 3097 971 3162 ministri

158 3185 375 3270 Bissenosque
399 3186 487 3252 sinus
512 3186 725 3270 cophinorum
749 3185 920 3273 fragminis
944 3185 1091 3269 implent.
1137 3201 1174 3252 eo

159 3274 340 3342 Oenentum
363 3295 516 3341 numerus
539 3277 610 3340 tum
633 3275 726 3338 milia
749 3275 891 3358 quinque
914 3273 1075 3358 virorum,
1175 3278 1189 3354 t

158 3364 257 3430 Praet
243 3368 333 3428 terea
356 3365 496 3448 populus
521 3366 662 3428 metrum
685 3362 805 3426 fuito
772 3366 805 3426 et
827 3383 1012 3445 puerorum.

158 3484 228 3540 lusrt
236 3486 273 3539 M
276 3485 303 3539 R
317 3486 326 3554 ΙΙ
341 3491 373 3539 59
392 3499 493 3552 perere
503 3481 645 3552 11089
654 3482 711 3538 Ber
724 3485 734 3552 ΙΙ
748 3487 782 3537 63
801 3481 969 3551 poscens0¹
974 3479 1046 3590 RV,
1064 3479 1175 3553 posoitll

159 3561 193 3610 86
212 3554 262 3608 llle
283 3556 320 3609 M
331 3557 342 3624 1
355 3560 389 3609 91
409 3553 499 3610 Cerrcn
500 3555 560 3606 tum
577 3551 607 3606 R
1178 3612 1183 3620 Ι
