2484 4114
483 152 517 210 V.
538 158 688 210 699-787,
1026 154 1090 220 103

23 231 27 368 i
60 301 90 365 E
121 300 242 366 mortis
265 319 336 364 sese
358 297 501 364 mnebris
524 297 565 364 ad
588 298 712 364 lumina
735 297 821 364 vitae

62 387 155 454 Cum
180 389 268 454 trino
294 386 373 452 solis
397 387 521 472 pariter
543 407 688 452 remeare
711 408 851 453 recursu

61 476 144 544 Hoc
168 477 326 563 petimus,
349 480 458 542 custos
482 475 576 540 miles
598 496 684 541 nova
707 474 822 542 funera
846 481 964 562 servet,
1038 491 1089 543 rec

63 565 120 631 Ne
145 565 219 632 fera
242 563 410 648 discipulis
434 563 563 629 furandi
586 563 722 630 audacia
745 585 862 648 corpus

67 653 266 740 Consurgat
287 653 461 738 turbetque
484 673 597 718 recens
620 652 748 720 insania
770 653 926 736 plebem.“

64 743 115 808 Et
140 742 271 808 Pilatus
296 741 451 807 adhaec:
475 739 593 826 „Miles
616 741 828 826 permittitur,
851 742 971 828 inquit,

66 830 227 914 Servare,
251 834 289 896 ut
310 831 425 913 vultis,
448 851 566 915 corpus
589 831 707 896 tellure
731 830 923 916 sepultum.“

64 919 281 986 Conveniunt
303 919 436 1004 saxique
459 918 608 1005 ingentia
629 919 775 1004 pondera
797 919 946 1003 volvunt,
1038 937 1089 986 rto

65 1009 116 1074 Et
139 1009 243 1074 limen
266 1007 370 1094 signis
394 1011 427 1072 et
449 1029 564 1072 saxum
587 1007 691 1074 milite
715 1013 854 1074 servant.

116 1096 233 1163 Sidera
256 1097 322 1162 iam
343 1096 450 1162 noctis
473 1099 611 1162 venturo
634 1096 746 1162 cedere
770 1098 832 1162 soli

63 1186 252 1270 Incipiunt,
276 1185 394 1250 tumuli
417 1188 539 1251 matres
561 1189 634 1250 turn
657 1185 760 1250 visere
784 1190 933 1271 saeptum

66 1273 293 1353 Concurrunt,
316 1277 426 1339 motus
449 1273 507 1338 sed
529 1274 824 1358 terramqerotinus
847 1295 976 1340 omnem

65 1363 233 1428 Concutit
255 1366 288 1428 et
311 1363 401 1428 caelo
425 1362 538 1446 lapsus
562 1361 727 1428 descendit
751 1365 866 1448 aperto
1037 1379 1087 1429 ric

66 1451 219 1517 Nuntius
242 1455 276 1517 et
299 1473 413 1521 saxum
436 1450 556 1516 tumuli
578 1450 617 1516 de
639 1449 751 1518 limine
773 1452 884 1517 volvit.

67 1540 166 1606 Illius
191 1543 224 1604 et
247 1538 346 1606 facies
371 1539 522 1623 splendet
544 1561 602 1605 ceu
624 1538 764 1626 fulguris
787 1541 888 1628 ignis,

68 1629 119 1695 Et
141 1628 227 1694 nivis
251 1628 292 1694 ad
314 1628 456 1713 speciem
478 1629 589 1694 lucent
610 1629 774 1695 velamina
795 1630 906 1696 vestis.

68 1717 236 1783 Militibus
258 1720 365 1782 terror
387 1738 517 1782 sensum
541 1717 734 1782 discluserat
757 1738 885 1784 ornnem

69 1806 117 1872 Et
140 1805 266 1872 iacuere
290 1805 387 1870 simul
411 1827 469 1871 ceu
492 1805 566 1870 fusa
589 1804 744 1871 cadevera
767 1805 843 1871 leto.
1037 1821 1088 1872 ⁷50

69 1894 136 1959 Ille
160 1894 215 1960 sed
239 1893 280 1960 ad
303 1897 423 1959 matres
446 1894 508 1959 tali
531 1915 604 1959 cum
627 1915 705 1960 voce
726 1893 892 1978 profatur:

69 1982 215 2068 „Vestra
236 2003 340 2068 pavor
361 1983 471 2048 nullus
496 1982 645 2068 quatiens
669 2003 754 2048 nunc
777 1981 874 2048 corda
896 1980 1029 2068 fatiget3

70 2070 160 2137 Nam
184 2070 359 2137 manifesta
380 2071 474 2156 fides,
497 2075 646 2136 sanctum
669 2092 727 2136 vos
751 2093 904 2157 quaerere
928 2093 1057 2156 corpus,

73 2159 169 2237 Quod
193 2159 296 2226 crucis
319 2160 355 2224 in
377 2159 469 2246 ligno
493 2160 651 2225 scelerata
673 2159 803 2224 insama
824 2159 906 2226 fixit.

74 2247 222 2316 Surrexit
244 2245 394 2314 Christus
417 2251 613 2333 aeternaque
636 2248 762 2314 lumina
784 2247 870 2314 vitae
1036 2265 1088 2315 rec

75 2335 221 2424 Corpore
245 2359 319 2403 cum
340 2340 453 2402 sancto
478 2337 605 2402 devicte
627 2340 732 2403 morte
755 2336 886 2422 recepit.

73 2425 189 2491 Visere
212 2426 279 2491 iam
300 2425 396 2492 vobis
419 2425 547 2491 licitum
570 2429 634 2510 est,
657 2425 742 2510 quod
765 2425 840 2492 sede
863 2426 1003 2509 sepulcri

75 2514 176 2581 Nulla
197 2514 273 2580 istic
295 2515 437 2598 iaceant,
458 2513 591 2580 fueraut
614 2536 697 2598 quae
720 2514 852 2581 condita
875 2515 1029 2579 membra.

74 2603 183 2669 Dicite
206 2605 373 2688 praeterea
396 2603 493 2668 celeri
514 2624 717 2688 properoque
740 2623 874 2667 recursu

74 2691 266 2776 Discipulis,
290 2688 457 2758 Christum
479 2713 643 2757 remeasse
665 2691 700 2756 in
722 2690 854 2756 luminis
879 2710 967 2773 orae,
1035 2706 1087 2757 reo

76 2780 178 2864 Inque
202 2778 384 2846 Galilaeam
407 2781 531 2846 laetum
553 2780 744 2864 praecedere
766 2776 915 2844 terram.“

75 2868 137 2934 His
160 2868 255 2935 dictis
277 2868 420 2952 visisque
444 2868 570 2934 animos
592 2867 780 2954 perfuderat
802 2867 918 2933 ardens

76 2957 220 3023 Laetitia
242 2957 392 3024 attonitis
416 2961 533 3042 stupor
555 2958 752 3042 ancipitique
775 2977 906 3042 pavore.

75 3045 224 3130 Denique
247 3046 419 3131 praecipiti
442 3045 642 3112 celebrantes
666 3045 786 3132 gaudia
809 3067 906 3112 cursu

76 3134 169 3200 Talia
193 3133 360 3219 discipulis
383 3134 531 3200 referunt
553 3135 778 3220 tumulumque
801 3135 997 3220 relinquunt.
1035 3147 1087 3199 ree

76 3224 160 3290 Ecce
183 3223 274 3288 iteris
298 3222 404 3289 medio
429 3222 535 3288 clarus
559 3246 593 3290 se
617 3223 761 3291 ostendit
782 3222 874 3290 lesus

75 3311 121 3378 Et
142 3310 225 3377 fidas
248 3315 370 3380 matres
394 3311 533 3379 blandus
557 3313 682 3380 salvere
705 3311 847 3378 iubebat.

146 3437 198 3489 '185
216 3431 278 3488 Hoc
296 3431 325 3488 R
344 3433 409 3502 (dic.
428 3447 480 3488 scr.
499 3431 576 3558 Sed}
584 3432 662 3496 Μαι,
681 3431 736 3486 Sed
750 3433 759 3501 ΙΙ
774 3435 825 3486 ‘149
845 3429 1014 3486 discusserat
1033 3431 1071 3484 M
1077 3429 1087 3501 ll

76 3509 127 3561 764
146 3505 270 3560 celantes
289 3504 364 3572 Mat,
382 3503 538 3560 celerantes

577 3501 676 3558 mnu
689 3501 699 3570 ιι
714 3498 1087 3570 verumtamem
1220 3519 1221 3569 l
