2532 4114
178 235 221 302 36
604 231 768 294 arenarii

180 379 272 444 Tunc
297 378 396 443 etiam
419 379 563 442 mentem
581 374 668 441 ritae
692 376 874 445 delumine
898 380 1027 460 raptam

180 466 352 552 Demergis
375 486 531 550 praeceps
553 464 670 549 furvis,
694 463 890 548 miserande,
912 463 1072 548 tenebris,

179 555 250 622 Neo
271 558 366 640 potes
391 554 531 618 obtunso
555 553 785 637 comprendere
807 553 888 617 talia
912 553 1030 624 sensu?

178 643 264 709 Ecce
287 644 367 708 fides
391 643 483 708 nulla
507 646 569 726 est,
592 645 724 707 tantum
746 631 917 706 terrestria
939 641 1018 706 dixi!

180 731 277 817 Quid,
301 731 330 797 si
353 732 509 796 caelestes
533 733 619 796 vires
643 729 858 796 conscendere
881 751 987 795 sermo
1152 749 1209 798 210

179 818 332 906 Coeperit
355 824 389 885 et
412 840 546 902 superas
570 841 678 884 rerum
701 817 931 902 comprendere
953 815 1103 884 formas?

179 909 259 986 Quis
281 913 427 975 vestrum
451 909 565 976 duram
587 907 711 992 poterit
733 906 815 972 mihi
837 905 979 990 pandere
1002 911 1181 975 mentem?

178 994 328 1083 Accipite
352 1019 445 1082 ergo,
467 997 560 1062 novis
585 1018 667 1081 quae
690 995 735 1060 sit
757 995 920 1063 sententia
941 995 1048 1060 rebus.

180 1085 350 1152 Sidereum
371 1085 482 1150 nullus
504 1085 627 1169 poterit
649 1084 864 1150 conscendere
887 1083 1026 1163 caelum,

180 1173 225 1240 Ni
248 1176 352 1258 solus,
375 1173 458 1240 caeli
481 1173 537 1259 qui
559 1173 678 1238 mirrsu
701 1174 791 1238 venit
814 1172 855 1237 ab
880 1172 969 1256 aula,
1153 1191 1209 1240 215

180 1263 273 1329 Idem
295 1263 438 1330 hominis
461 1267 573 1347 natue,
597 1262 679 1328 caeli
701 1261 759 1347 qui
781 1261 815 1325 in
839 1260 914 1325 sede
938 1264 1095 1328 moratur.

178 1350 226 1418 Ut
250 1374 381 1437 serpens
406 1351 484 1416 olim
507 1351 696 1437 regionibus
718 1349 755 1414 iu
778 1349 915 1416 desertis

179 1439 304 1526 Moyaei
326 1439 478 1506 manibus
502 1462 630 1506 summo
654 1439 803 1504 sublatus
827 1438 951 1503 honore
975 1443 1039 1521 est,

180 1527 234 1596 Sic
256 1529 400 1594 hominis
423 1531 538 1592 natum
560 1528 637 1592 tolli
658 1528 694 1592 in
717 1527 856 1592 sublime
878 1547 1011 1592 necesse
1035 1532 1099 1611 est,

179 1617 239 1701 Ut,
264 1617 458 1702 quicumque
480 1616 577 1681 fidem
601 1615 720 1681 m'entis
743 1614 968 1700 penetralibus
994 1617 1072 1681 altis
1149 1635 1208 1684 220

179 1705 273 1772 Illius
298 1705 340 1773 ad
362 1725 487 1774 nomen,
506 1705 636 1790 statuit,
660 1705 721 1770 sub
744 1704 876 1778 turbine
900 1705 1001 1771 saecli

179 1793 351 1862 Proculcet
374 1793 510 1878 pedibus
533 1795 636 1859 letum
659 1796 692 1859 et
715 1798 807 1860 trans
831 1791 938 1858 sidera
961 1815 1097 1879 surgens

181 1881 340 1948 Sublimis
364 1882 473 1966 capiat
496 1882 615 1948 donum
638 1881 832 1948 inviolabile
855 1880 952 1948 vitae.

179 1971 331 2056 Namque
355 1970 443 2036 Deus
467 1971 624 2037 mundum
646 1975 739 2036 tanto
762 1969 876 2035 dilexit
899 1993 1024 2055 amore,

179 2061 262 2126 Eius
284 2064 324 2124 ut
344 2059 379 2123 in
401 2063 507 2126 terras
531 2060 740 2126 descenderet
762 2059 859 2124 unica
881 2061 990 2144 proles
1147 2077 1206 2127 225

180 2147 355 2214 Credentes
378 2147 519 2213 Domino
542 2148 630 2214 vitae
653 2147 802 2214 iunctura
823 2149 967 2230 perenni.

180 2236 250 2302 Nec
273 2237 362 2302 Deus
385 2237 471 2302 hunc
494 2241 609 2302 natum
634 2236 811 2323 disquirere
833 2236 904 2302 iure
927 2259 1039 2304 severo

179 2324 344 2390 Iudiciove
367 2325 453 2390 truci
476 2327 580 2390 terras
605 2325 784 2410 expendere
807 2325 912 2410 misit,

179 2413 275 2480 Mitia
299 2414 354 2480 sed
377 2413 508 2497 populis
530 2413 664 2480 veniant
686 2419 723 2480 ut
745 2434 880 2480 munera
903 2415 1000 2481 vitae.

178 2503 329 2588 Namque
351 2502 409 2567 ubi
431 2506 520 2566 certa
542 2501 622 2567 fides
645 2502 744 2568 fuerit
767 2505 924 2589 conplexa
947 2505 1103 2588 salutem,
1147 2522 1206 2574 230

178 2591 255 2657 Non
279 2592 341 2656 erit
363 2591 433 2655 ulla
455 2590 523 2655 illic
547 2613 666 2677 anceps
689 2592 829 2678 agitatio
853 2594 942 2658 iuris.

179 2678 244 2745 Ast
267 2680 323 2745 ubi
347 2679 433 2744 dona
454 2681 569 2764 procul
592 2679 714 2746 fuerint
738 2680 869 2747 exclusa
892 2681 1061 2764 medellae,

179 2766 251 2832 Iam
274 2769 408 2852 propria
431 2769 578 2852 ipsorum
601 2773 744 2835 mentem
769 2769 935 2836 damnatio
959 2774 1103 2855 torquet3

179 2855 285 2920 Unica
306 2877 384 2922 nam
407 2856 541 2922 Domini
563 2857 627 2924 fuit
648 2858 700 2924 his
723 2859 891 2944 incognita
913 2860 1031 2942 proles.

179 2943 369 3008 Adventum
392 2945 473 3010 lucis
496 2947 608 3012 miseri
628 2946 743 3034 fugere
768 2948 899 3031 superbi
1147 2966 1203 3017 235

179 3031 225 3099 Et
248 3033 354 3117 magis
378 3036 519 3118 amplexi
542 3057 655 3100 caecas
680 3041 813 3101 tenuare
836 3037 998 3101 tenebras.

181 3119 235 3186 Sic
260 3123 452 3207 quicumque
476 3124 572 3188 malis
596 3130 738 3189 mentem
762 3126 977 3190 maculaverit
1000 3123 1097 3208 actis,

179 3209 219 3274 In
241 3211 393 3276 tenebras
416 3212 551 3296 pavidus
575 3211 711 3298 refugit,
734 3236 776 3278 ne
798 3214 921 3279 lumine
945 3213 1034 3278 claro

180 3296 317 3364 Sordida
339 3300 486 3383 pollutae
509 3303 645 3385 pateant
667 3303 821 3389 contagia
843 3303 971 3376 mentis.

251 3513 304 3562 218
323 3507 413 3580 Mosei
431 3508 475 3578 0¹,
494 3508 601 3577 Moysei
620 3511 666 3578 M,
686 3511 776 3566 Mosei
789 3511 816 3566 R
829 3515 839 3582 ss
853 3517 904 3567 221
925 3528 1027 3566 nomen
1042 3511 1130 3583 01M,
1151 3535 1202 3572 nu-

178 3592 243 3632 men
257 3581 266 3648 ΙΙ
280 3584 332 3632 236
351 3579 481 3633 tenebras
501 3577 602 3650 0¹u1p,
621 3581 746 3638 latebras
760 3582 770 3650 ss
784 3589 836 3636 238
855 3585 886 3637 ln
907 3581 949 3651 0¹,
968 3583 1012 3636 Ad
