2484 4114
459 187 492 242 v.
512 193 661 244 rar-sao.
1022 187 1062 254 ἠ

30 334 191 419 Quisque
215 354 316 417 capax
338 331 449 416 fuerit,
475 333 561 398 celsa
583 333 704 398 virtute
728 337 891 417 capessat,
1011 348 1063 399 490

30 422 140 498 Quod
164 421 278 507 paucis
301 421 456 505 lectisque
479 419 567 486 Deus
591 421 661 486 vult
684 421 825 506 pandura
849 422 993 486 munus.“

31 511 137 576 Haec
162 511 210 575 ait
233 514 265 574 et
287 530 419 595 pueros,
443 531 524 594 qnos
548 509 691 594 gaudens
716 531 792 575 cura
815 512 987 593 parentum

34 600 129 667 Cum
154 598 303 683 precibus
327 597 423 662 laetis
448 597 597 663 certatim
620 597 696 662 hinc
719 598 792 662 inde
814 597 956 681 ferebat,

34 687 192 773 Suscipit
214 690 247 752 et
270 686 399 772 plebem
424 689 620 769 sectantum,
645 686 730 770 quod
753 685 955 771 prohiberet,

34 777 201 860 Increpat
225 796 262 840 ao
285 775 369 840 tales
393 774 546 840 adfirmat
568 795 669 860 regna
692 775 808 840 mereri
1010 791 1062 842 496

37 865 153 930 Aulae
178 864 336 929 caeler.tis
375 861 475 928 Senot
461 866 512 927 tas
535 863 587 928 his
612 862 723 928 ordine
746 864 871 949 palmas

36 953 181 1036 Inponit
204 952 310 1017 reddit
295 955 373 1037 tque
396 952 485 1016 ulnis
508 956 640 1037 portare
663 955 845 1054 parentum

88 1041 178 1106 Ecce
201 1041 257 1106 sed
281 1063 298 1105 e
321 1040 476 1126 populo
467 1041 606 1124 iuvenis,
629 1041 681 1106 oui
704 1063 780 1106 rura
803 1040 981 1126 domusque

38 1130 89 1195 Et
114 1149 199 1214 gaza
221 1113 387 1210 exstabat,
410 1150 517 1194 rerum
540 1129 705 1214 possessio
728 1128 871 1214 fulgens,

39 1218 186 1284 Accedit
208 1217 320 1284 Christ
305 1221 439 1302 tumque
462 1217 572 1301 palam
596 1217 775 1282 submissus
800 1217 927 1282 adorat:
1010 1233 1062 1284 500

38 1306 90 1391 „0
115 1308 202 1371 bone
225 1309 377 1390 praecept
379 1329 425 1390 or,
448 1306 499 1371 dic
521 1327 620 1390 nunc,
643 1327 725 1390 quae
747 1304 835 1372 facta
800 1309 1039 1390 tsequamur,

41 1395 94 1460 Ut
117 1395 200 1460 mihi
222 1395 534 1481 perpetuamliceat
557 1394 785 1477 comprendere
809 1393 956 1459 vitam?“

41 1483 110 1548 His
135 1487 248 1549 auctor
271 1483 357 1548 vitae
380 1486 451 1547 tum
474 1482 556 1547 talia
579 1483 685 1547 reddit
707 1481 813 1548 lesus:

43 1625 61 1656 ‚,
69 1571 167 1637 Nunc
190 1573 318 1638 demum
343 1572 484 1656 quaeris,
508 1571 610 1636 veteri
635 1593 717 1657 quae
740 1572 812 1656 lege
836 1573 1010 1638 tenentur?

43 1661 125 1726 Non
148 1660 290 1726 hominis
314 1661 452 1744 perimes
475 1661 591 1744 vitam,
613 1682 679 1726 non
701 1659 791 1726 furta
813 1664 959 1726 tororum
1011 1677 1062 1728 505

45 1749 201 1834 Invades,
225 1752 436 1833 quaestumve
460 1748 574 1814 alienis
598 1750 695 1814 noxia
718 1749 815 1814 rebus

46 1839 144 1903 Mens
167 1839 224 1902 aut
247 1837 360 1902 dextra
383 1837 484 1922 leget,
505 1859 573 1902 non
595 1837 691 1901 testis
714 1835 799 1901 falsa
822 1837 973 1920 loqueris.

45 1925 99 1992 Sit
124 1926 253 2012 genitor
277 1926 487 2012 genetrixque
510 1930 567 1991 tuo
593 1925 741 1990 sublimis
765 1925 901 2008 honore,

45 2015 220 2081 Proximus
245 2019 277 2078 et
299 2036 381 2098 puro
405 2036 463 2100 pro
487 2017 521 2078 te
543 2014 606 2079 tibi
628 2014 721 2080 cedat
744 2013 882 2079 amore.“

46 2105 110 2170 Ille
134 2103 260 2168 dehinc:
283 2102 413 2187 „Istaec
437 2124 564 2187 semper
587 2103 668 2166 mihi
691 2107 823 2188 perpete
847 2125 924 2168 cura
1009 2120 1062 2171 tto

16 2245 17 2250 1
47 2193 231 2258 Observata
253 2214 336 2272 reor,
360 2191 416 2257 sed
437 2213 478 2256 ne
502 2191 580 2276 quid
602 2192 687 2257 forte
710 2191 861 2256 relictum

47 2282 156 2366 Desit,
179 2281 343 2365 praesenti
365 2281 461 2344 liceat
483 2302 535 2344 me
559 2302 637 2345 voce
660 2279 814 2345 moneri.“

49 2370 133 2434 Tum
157 2367 308 2434 Christus
331 2369 433 2433 fatur:
456 2367 574 2452 „Nunc
598 2369 626 2434 si
649 2369 793 2452 perfecta
816 2369 953 2454 requiris

49 2458 209 2523 Prendere
233 2458 407 2542 praecelsis
430 2458 556 2522 meritis
579 2457 713 2544 fastigia
736 2457 837 2541 vitae,

51 2546 180 2630 Omnia,
205 2568 287 2630 quae
311 2545 443 2631 proprio
467 2546 589 2611 retines
614 2547 701 2612 solus
726 2546 907 2629 dominatu,
1007 2561 1059 2613 brt

50 2635 203 2700 Distrahe
228 2639 261 2700 et
283 2635 324 2700 ad
347 2635 482 2700 miseros
507 2635 619 2700 confer
643 2656 774 2700 securus
797 2637 940 2720 egentes.

51 2724 135 2788 Tum
156 2725 328 2789 thesaurus
352 2723 414 2796 erit
437 2723 518 2788 caeli
540 2723 603 2789 tibi
626 2722 775 2789 conditus
798 2745 871 2788 arce

52 2811 255 2896 Virtutisque
278 2815 378 2877 tenax
400 2813 542 2898 vestigia
564 2815 679 2877 nostra
702 2810 873 2897 sequeris.“

53 2901 141 2967 Haec
163 2901 378 2967 adolescentis
401 2900 535 2966 veniunt
557 2899 614 2966 ubi
638 2899 724 2964 dicta
747 2922 804 2984 per
829 2922 936 2986 aures,

54 2990 177 3055 Deiecit
198 2991 327 3054 vultum
350 2989 520 3074 tristisque
542 2989 577 3052 in
600 2992 688 3054 tecta
711 2988 840 3076 refugit.
1009 3007 1062 3056 520

124 3187 174 3236 493
197 3180 294 3254 lqti—
261 3180 434 3236 -ferebant
454 3180 495 3249 0¹,
514 3179 643 3236 ferebant
660 3182 742 3236 etiam
762 3181 828 3236 Mat
838 3179 972 3236 V¹A0⁸*
986 3181 995 3248 [Ι
1009 3185 1060 3234 497

56 3253 174 3335 humeris
187 3249 279 3307 VMct
301 3251 311 3320 ΙῙ
334 3256 386 3306 499
405 3252 587 3376 gazaestabat
575 3251 649 3320 Gt¹,
668 3268 755 3322 gance
773 3252 866 3307 stabat
854 3247 1061 3314 t·MetAdd¹¹,

75 3324 128 3379 azia
144 3323 237 3378 stabat
257 3323 333 3390 Mat,
351 3339 446 3392 gazis
434 3323 529 3378 stabat
548 3321 591 3376 T*
610 3324 640 3393 (g
622 3340 689 3396 gaze
707 3323 856 3391 rma
858 3319 1018 3375 adistabat
1005 3289 1065 3374 tM

57 3344 125 3450 dtM
89 3393 182 3466 Mp*A
192 3393 229 3448 V¹
247 3394 369 3464 (Beda'
356 3410 389 3448 aa
406 3393 495 3449 Keilii
514 3393 634 3449 Gramm.
650 3395 707 3448 latr.
721 3393 819 3462 VHp.
827 3391 904 3458 233),
943 3406 992 3462 cap
1011 3388 1062 3444 ad-

58 3467 148 3523 stabat
170 3465 264 3531 V¹B*,
289 3465 444 3520 Hnemerl.
464 3481 486 3518 c.
506 3481 577 3533 gaza
595 3464 707 3518 astabat
720 3465 729 3533 ΙΙ
743 3468 794 3517 509
813 3460 901 3514 irater
897 3407 963 3514 ἐι
957 3459 1062 3525 ³Mct,

57 3552 123 3608 puro
135 3538 145 3606 t
158 3540 209 3592 blo
227 3537 311 3591 cunct
312 3549 330 3588 a
346 3533 436 3590 istaec
458 3534 551 3588 ΡΜ*
570 3535 662 3607 (istpc)
