2532 4114
199 192 244 256 42
625 192 734 248 LIBER
752 193 786 250 Il.

200 338 357 424 „Accipe,
382 336 468 421 quod
491 339 612 403 meruit
634 338 709 402 fidei
732 338 931 422 constantia,
955 342 1103 407 munus.“
1173 360 1222 408 395

202 427 248 492 Et
272 449 349 492 mox
371 426 524 491 restricto
548 427 723 512 viguerunt
748 429 904 512 sanguine
927 449 1038 494 venae.

201 516 380 599 Postquam
403 518 595 598 perventum
620 521 683 599 est,
706 515 764 580 ubi
787 517 901 580 funera
924 515 1075 601 virginis,
1104 519 1222 604 ingens

202 602 393 689 Plangentis
417 603 531 688 populi
554 604 703 669 fremitus
728 604 927 690 clangorque
950 606 1107 672 tubarum

202 691 328 758 Ultima
351 713 520 778 supremae
544 693 754 758 celebrabant
777 715 912 758 munera
934 715 1087 779 pompae:

202 780 424 865 „Abscedent
447 780 567 866 inquit,
590 783 685 846 tectis
709 781 790 846 haec
813 781 922 846 tristia
946 784 1074 848 vestris.
1173 803 1223 852 400

202 868 351 954 Namque
374 870 484 953 puella
506 871 590 934 iacet
612 869 740 952 placido
765 870 911 934 demersa
934 891 1064 954 sopore,

201 957 400 1024 Defunctum
423 961 514 1022 retur
536 957 671 1023 flentum
696 981 794 1042 quam
817 961 927 1024 nescia
949 960 1092 1044 plebes.“

202 1047 296 1112 Talia
320 1046 479 1112 dicentem
502 1046 664 1112 ridentum
688 1047 786 1112 turba
809 1047 954 1132 reliquit,

203 1133 297 1210 Quod
320 1139 426 1200 morte
451 1135 620 1218 abreptam
644 1135 727 1200 dixit
750 1136 889 1200 dormire
913 1137 1066 1220 puellam.

203 1222 266 1289 Sed
290 1222 453 1308 Christus,
477 1224 536 1288 leti
559 1225 665 1289 victor
688 1225 838 1310 vitaeque
861 1230 1017 1309 repertor,
1174 1246 1226 1295 405

201 1311 369 1398 Frigentis
393 1313 540 1378 dextram
563 1313 717 1398 dignatus
741 1315 897 1398 prendere
921 1313 1035 1379 dextre

203 1399 345 1486 Surgere
369 1423 445 1466 mox
467 1401 564 1466 iussit
587 1401 735 1468 miranda
759 1403 799 1466 ad
823 1402 942 1488 gaudia
964 1403 1079 1488 patris.

247 1488 328 1554 Inde
350 1491 529 1554 revertenti
552 1491 675 1555 clamor
699 1513 733 1554 se
757 1491 906 1575 protinus
931 1492 1026 1556 offert

207 1575 385 1642 ancorum
408 1578 532 1662 pariter
556 1600 672 1665 gressu
694 1579 824 1644 labente
848 1581 993 1646 duorum.

203 1666 287 1732 Ollis
312 1665 461 1732 Christus
486 1669 547 1732 ait:
570 1666 629 1752 „si
652 1668 788 1732 credunt
811 1672 944 1751 pectora
967 1672 1089 1752 vestra,
1175 1689 1227 1738 410

204 1754 292 1821 Num
316 1755 438 1820 virtute
462 1778 535 1820 mea
558 1779 593 1820 se
616 1756 727 1822 reddet
749 1757 861 1822 lumen
885 1757 1119 1842 ademptum‘?“

205 1844 272 1910 Olli
295 1846 425 1910 firmato
449 1867 483 1909 se
508 1844 636 1910 credere
660 1845 755 1910 corde
777 1845 932 1910 fatentur.

203 1933 287 1998 Tum
312 1931 462 1998 Christus
485 1934 587 1998 fatur:
611 1932 809 2016 „Credentes
833 1935 955 1999 cernite
978 1935 1083 1999 lucem

204 2021 272 2087 Nec
295 2024 444 2107 cuiquam
467 2026 617 2087 nostrum
641 2023 818 2106 posthaec
842 2022 956 2088 edicite
978 2023 1130 2088 nomen.“

203 2110 309 2192 Dixit3
335 2111 390 2174 sed
412 2133 551 2195 propere
574 2133 632 2195 per
657 2111 776 2197 gaudia
799 2115 893 2177 tanta
916 2112 1083 2178 videntum
1177 2133 1228 2181 415

205 2199 314 2263 Ardor
336 2199 518 2283 inexpletus
541 2199 663 2264 famam
686 2222 745 2284 per
768 2205 884 2265 cuncta
907 2201 1044 2266 serebat.

250 2286 456 2371 Offerturque
479 2287 596 2352 dehinc
616 2288 756 2372 iuvenis,
780 2289 832 2352 cui
855 2293 952 2372 rapta
975 2311 1113 2354 sonorae

204 2376 382 2442 Daemonis
404 2376 536 2440 incursu
559 2376 666 2442 fuerat
689 2377 874 2442 substantia
897 2378 994 2444 vocis.

121 2463 134 2478 “’
204 2466 268 2530 Ast
291 2464 347 2529 ubi
370 2464 544 2547 propulsus
567 2465 654 2550 fugit
677 2466 715 2530 de
739 2470 869 2550 pectore
892 2466 1044 2548 daemon,

204 2552 388 2618 Confestim
411 2573 510 2619 sanae
533 2553 697 2618 redierunt
719 2577 854 2620 munera
876 2554 1016 2640 linguae.
1178 2577 1229 2624 420

204 2641 300 2706 Talia
323 2641 472 2706 mirantis
495 2643 610 2727 populi
633 2643 777 2726 stipante
800 2644 943 2708 tumultu

203 2729 371 2815 Vallatum
395 2751 527 2795 cernens
551 2731 608 2796 sed
631 2731 723 2796 milia
744 2735 839 2796 tanta
862 2732 1005 2797 virorum

204 2818 361 2904 Ingemit,
384 2823 422 2883 ut
443 2820 527 2884 ruris
551 2820 717 2902 dominus,
741 2821 792 2886 cui
815 2842 937 2904 pascua
959 2822 1046 2885 laeta

205 2907 398 2972 Innumerae
424 2909 559 2973 tondent
582 2909 720 2992 pecudes
744 2909 879 2974 rectoris
903 2914 1045 2995 egentes.

205 2995 296 3060 Tunc
320 2995 360 3059 ad
384 2996 559 3080 discipulos
584 2997 746 3081 depromit
768 2997 850 3062 talia
873 2997 971 3062 diota:
1179 3019 1226 3068 425

201 3081 333 3168 „Quam
357 3085 463 3150 laetae
487 3089 614 3170 segetes
638 3087 723 3151 ruris
746 3107 804 3170 per
827 3091 921 3172 terga
943 3089 1137 3172 patescunt!

207 3172 271 3240 Sed
293 3195 386 3239 rarus
409 3195 534 3238 messor
556 3174 660 3258 frugis
684 3179 856 3259 superatur
880 3196 1006 3240 acervo.

278 3408 330 3456 399
348 3419 465 3458 munera
483 3403 558 3470 ΕΜ,
578 3403 677 3457 lunera
697 3401 892 3457 0¹VMatM
923 3403 932 3470 ΙΙ
945 3407 997 3456 411
1017 3403 1094 3458 Num
1117 3405 1228 3462 01Mu

208 3473 263 3553 Mp
282 3472 417 3528 V¹·⁹*T*
436 3473 540 3543 (V¹T*
558 3475 590 3528 ia
607 3491 631 3528 o.
647 3477 701 3528 410
721 3471 796 3538 Quid
814 3491 865 3542 pro
885 3421 933 3542 di),
952 3472 1058 3544 Nuncll
1079 3480 1139 3532 415
1165 3478 1229 3552 „llll

205 3558 296 3596 maror
315 3542 400 3598 0¹V¹
424 3547 553 3615 (propere
571 3561 680 3600 erasum
697 3549 755 3613 est),
787 3543 825 3598 1⁷¹
836 3544 964 3616 MutMp
982 3560 1113 3616 propere,
1139 3551 1227 3606 maior
