2532 4114
495 203 527 258 V.
548 209 697 259 asa-306.

74 349 229 434 Urgetur
253 348 386 412 monitis
409 347 548 412 Mariam
570 370 770 432 puerumque
792 347 912 433 Ioseph
1009 403 1013 410 .

76 438 239 523 Aegypto
263 436 304 501 ad
327 436 469 521 patriam
492 441 633 519 vectare,
656 436 713 500 ubi
736 436 865 501 Nazara
887 437 965 502 felix

77 525 174 590 Olim
197 524 398 610 praedictum
421 547 522 610 puero
547 525 634 589 dedit
658 525 773 589 addere
796 547 922 590 nomen.

78 614 178 678 Dixit
202 619 235 679 et
258 615 391 678 alterius
416 614 577 698 quondam
602 614 795 698 praenuntia
817 615 902 678 vatis
1047 631 1098 682 111

76 702 158 768 Vox
182 703 338 766 instincta
360 701 445 768 Deo:
468 702 600 786 Veniet,
624 703 731 767 veniet
753 724 826 766 mea
848 702 957 786 proles

81 792 241 876 Aegypto
266 813 304 854 ex
327 791 396 856 alta
418 792 516 855 terris
540 792 711 875 lumenque
736 791 895 874 salusque.

129 878 307 945 Crescebat
329 879 451 964 rapidis
476 901 634 946 annorum
658 879 824 966 gressibus
847 880 968 958 infans,

79 967 303 1034 Praecurreus
326 990 440 1033 aevum
465 965 625 1053 sapientia
647 967 878 1052 praeveniebat

83 1055 267 1141 Gratiaque
289 1057 323 1120 in
346 1056 440 1121 vultu
465 1061 497 1121 et
520 1057 628 1122 verbis
651 1057 834 1122 veneranda
858 1057 1007 1122 micabat.
1049 1073 1101 1124 180

131 1145 266 1210 Etiam
290 1145 437 1210 bissenos
461 1145 532 1210 aevi
556 1145 802 1229 comprenderat
825 1166 941 1228 annos,

85 1231 172 1300 Cum
194 1233 335 1318 paschae
358 1234 458 1298 ritum
482 1235 638 1298 servando
663 1255 701 1298 ex
725 1255 815 1298 more
837 1235 989 1318 parentes

84 1320 138 1386 Ad
163 1322 322 1405 templum
347 1323 443 1386 laetis
466 1344 602 1405 puerum
625 1322 799 1405 perducere
821 1320 914 1386 festis

84 1409 246 1475 Omnibus
271 1432 429 1474 annorum
452 1410 577 1474 vicibus
602 1410 640 1475 de
664 1431 753 1474 more
777 1410 936 1476 solebant.

84 1498 178 1584 Ergo
204 1499 339 1563 aderant
362 1498 501 1583 paschae
524 1499 648 1583 pariter
671 1499 858 1582 cunctisque
882 1499 995 1564 diebus
1048 1516 1100 1566 185

85 1587 259 1652 Festorum
283 1587 428 1672 impletis
451 1588 594 1672 patriam
617 1609 761 1653 remeare
784 1589 958 1672 parabant,

86 1675 169 1741 Oum
192 1697 273 1758 puer
295 1677 330 1740 in
352 1676 474 1760 populo
498 1677 624 1741 comitis
647 1676 787 1761 vestigia
810 1677 925 1741 matris

85 1764 242 1830 Deseruit
264 1765 444 1849 templique
467 1765 574 1830 libens
597 1768 721 1830 secreta
743 1764 870 1849 petivit.

9 1851 10 1856 ’
87 1852 187 1917 Illum
210 1853 380 1937 pervices
405 1854 495 1917 urbis
519 1875 640 1936 perque
665 1852 777 1916 abdita
798 1855 888 1918 tecta

86 1941 213 2027 Perque
236 1942 327 2005 iteris
352 1944 474 2006 stratas
497 1963 555 2026 per
577 1945 674 2005 notos
693 1963 814 2025 perque
832 1942 1033 2025 propinquos
1049 1959 1100 2008 190

88 2029 273 2106 Quaerebat
297 2029 456 2114 genetrix3
482 2029 538 2094 sed
561 2030 617 2093 lux
640 2029 697 2094 ubi
720 2029 819 2094 tertia
843 2030 931 2094 veuit

86 2118 139 2182 Ad
162 2119 322 2202 templum
344 2140 480 2203 propere
503 2123 640 2202 remeat,
662 2121 837 2204 vatumque
861 2117 986 2184 choreis

87 2207 217 2270 Invenit
239 2207 397 2271 insertum
421 2207 595 2291 legumque
619 2208 757 2271 obscura
780 2207 875 2271 senili

89 2295 297 2360 Tractantem
321 2299 424 2360 coetu.
469 2295 533 2359 Vix
557 2295 731 2360 admiratio
755 2296 854 2381 digna
1168 2357 1169 2360 ,

89 2382 138 2447 De
160 2383 253 2467 pueri
278 2385 383 2449 verbis
407 2385 537 2449 senibus
561 2384 637 2470 fuit3
661 2388 696 2448 at
718 2385 774 2468 pia
797 2389 914 2450 mater:
1049 2401 1100 2451 191

89 2471 211 2557 ,,Ν111,
235 2472 294 2557 111,
318 2472 473 2537 amissum
496 2473 640 2538 lacrimis
664 2477 696 2537 te
721 2495 839 2557 quaero
862 2473 1005 2558 profusis

90 2560 197 2624 Anxia
220 2583 292 2626 cum
316 2561 463 2646 genitore
487 2581 629 2645 gemens.
676 2560 766 2636 Quae
789 2583 888 2626 causa
910 2565 1082 2645 parentum

92 2647 237 2714 Secernit
260 2671 374 2735 gressu
397 2649 574 2735 templique
597 2651 632 2714 in
656 2649 730 2714 sede
753 2648 942 2714 1111111111κ

89 2737 149 2801 1111
172 2740 294 2802 autem:
316 2738 425 2823 „Quid
448 2761 499 2802 me
522 2742 665 2821 tantum,
690 2737 766 2822 quid
785 2737 963 2824 quaeritis?
986 2739 1101 2824 inquit.

91 2824 143 2890 Au
165 2827 310 2891 nondum
333 2827 447 2908 sentis,
471 2827 633 2912 genetur,
656 2827 742 2914 quod
766 2827 835 2890 iure
857 2827 1003 2910 paternis
1032 2827 1102 2895 '300

93 2913 226 2978 Sedibus
251 2918 283 2978 et
307 2915 457 2979 domibus
480 2918 592 2980 natum
617 2915 802 2980 inhabitare
824 2937 955 2981 necesse
979 2917 1079 2981 est‘?“'

135 3001 225 3068 Haec
246 3004 294 3067 ¹ait
318 3009 350 3068 et
373 3025 520 3088 gressum
546 3003 649 3068 sociat
670 3004 875 3090 patriamque
899 3005 1025 3089 revisit3

92 3089 158 3154 Nec
183 3092 330 3176 genetrix
353 3092 439 3156 tanti
462 3093 623 3177 persensit
645 3093 788 3176 pondera
811 3094 914 3177 verbi,
1132 3170 1139 3182 .

93 3178 211 3244 Ordine
234 3184 350 3246 cuncta
371 3184 482 3248 tamen
506 3181 611 3246 cordis
637 3186 761 3249 secreta
783 3185 960 3246 reservant.
1047 3240 1049 3244 .
1094 3229 1098 3238 ,

94 3269 138 3331 At
158 3290 239 3352 puer
263 3269 427 3354 obsequiis
452 3274 527 3354 apte
549 3270 776 3353 praedulcibus
800 3270 914 3334 ambos
1049 3284 1101 3333 101

94 3355 143 3418 Ad
165 3358 332 3441 proprium
357 3381 484 3443 semper
507 3379 626 3443 cogens
649 3359 802 3424 nectebat
825 3377 977 3440 amorem.
1013 3395 1015 3402 ι

61 3471 65 3477 ’
163 3483 216 3533 174
235 3477 410 3547 praedictum
431 3479 729 3548 0¹,praedict01arr
747 3480 802 3549 (sed
822 3479 860 3532 M
875 3479 907 3530 11
925 3491 1011 3544 marg.
1031 3491 1048 3529 a
1066 3491 1101 3528 m.

95 3547 132 3602 II
146 3549 314 3618 predictum)
328 3551 337 3618 ll
351 3555 401 3605 281
422 3549 658 3622 conprqhinderat
677 3549 711 3604 0¹
