<?xml version="1.0" encoding="UTF-8"?>
<!DOCTYPE html PUBLIC "-//W3C//DTD XHTML 1.0 Transitional//EN"
    "http://www.w3.org/TR/xhtml1/DTD/xhtml1-transitional.dtd">
<html xmlns="http://www.w3.org/1999/xhtml" xml:lang="en" lang="en">
 <head>
  <title>
</title>
<meta http-equiv="Content-Type" content="text/html;charset=utf-8" />
  <meta name='ocr-system' content='tesseract 3.04.00' />
  <meta name='ocr-capabilities' content='ocr_page ocr_carea ocr_par ocr_line ocrx_word'/>
</head>
<body>
  <div class='ocr_page' id='page_1' title='image "./cvettiaquilinii00marogoog_0082.png"; bbox 0 0 2484 4114; ppageno 0'>
   <div class='ocr_carea' id='block_1_1' title="bbox 68 208 1086 314">
    <p class='ocr_par' dir='ltr' id='par_1_1' title="bbox 68 208 1086 314">
     <span class='ocr_line' id='line_1_1' title="bbox 68 208 1086 314; baseline 0.001 -51"><span class='ocrx_word' id='word_1_1' title='bbox 68 275 98 314; x_wconf 59' lang='lat'><strong>·</strong></span> <span class='ocrx_word' id='word_1_2' title='bbox 481 208 516 265; x_wconf 81' lang='lat' dir='ltr'>v.</span> <span class='ocrx_word' id='word_1_3' title='bbox 538 214 685 265; x_wconf 80' lang='lat' dir='ltr'>rar-rer.</span> <span class='ocrx_word' id='word_1_4' title='bbox 877 245 883 252; x_wconf 74' lang='lat'><em>-</em></span> <span class='ocrx_word' id='word_1_5' title='bbox 1043 211 1086 277; x_wconf 78' lang='lat'>61</span> 
     </span>
    </p>
   </div>
   <div class='ocr_carea' id='block_1_2' title="bbox 54 353 1089 3278">
    <p class='ocr_par' dir='ltr' id='par_1_2' title="bbox 54 353 979 441">
     <span class='ocr_line' id='line_1_2' title="bbox 54 353 979 441; baseline 0.001 -21"><span class='ocrx_word' id='word_1_6' title='bbox 54 355 160 420; x_wconf 83' lang='lat' dir='ltr'>Tunc</span> <span class='ocrx_word' id='word_1_7' title='bbox 182 353 267 438; x_wconf 90' lang='lat' dir='ltr'>petit</span> <span class='ocrx_word' id='word_1_8' title='bbox 290 353 418 418; x_wconf 84' lang='lat' dir='ltr'>absolvi</span> <span class='ocrx_word' id='word_1_9' title='bbox 440 353 571 438; x_wconf 89' lang='lat' dir='ltr'>Petrus,</span> <span class='ocrx_word' id='word_1_10' title='bbox 594 354 670 440; x_wconf 89' lang='lat' dir='ltr'>quid</span> <span class='ocrx_word' id='word_1_11' title='bbox 694 354 843 439; x_wconf 75' lang='lat' dir='ltr'><strong>quaestio</strong></span> <span class='ocrx_word' id='word_1_12' title='bbox 866 356 979 441; x_wconf 86' lang='lat' dir='ltr'>vellet,</span> 
     </span>
    </p>

    <p class='ocr_par' dir='ltr' id='par_1_3' title="bbox 56 440 1087 528">
     <span class='ocr_line' id='line_1_3' title="bbox 56 440 1087 528; baseline 0.006 -22"><span class='ocrx_word' id='word_1_13' title='bbox 56 443 145 527; x_wconf 88' lang='lat' dir='ltr'>Ipse</span> <span class='ocrx_word' id='word_1_14' title='bbox 168 440 355 508; x_wconf 89' lang='lat' dir='ltr'>Pharisaeis</span> <span class='ocrx_word' id='word_1_15' title='bbox 379 465 477 528; x_wconf 88' lang='lat' dir='ltr'>quam</span> <span class='ocrx_word' id='word_1_16' title='bbox 501 464 577 508; x_wconf 87' lang='lat' dir='ltr'>mox</span> <span class='ocrx_word' id='word_1_17' title='bbox 600 442 779 528; x_wconf 80' lang='lat' dir='ltr'>scribisque</span> <span class='ocrx_word' id='word_1_18' title='bbox 803 444 953 511; x_wconf 78' lang='lat' dir='ltr'><strong>dedisset.</strong></span> <span class='ocrx_word' id='word_1_19' title='bbox 1037 462 1087 512; x_wconf 79' lang='lat' dir='ltr'>reo</span> 
     </span>
    </p>

    <p class='ocr_par' dir='ltr' id='par_1_4' title="bbox 56 531 860 616">
     <span class='ocr_line' id='line_1_4' title="bbox 56 531 860 616; baseline 0.002 -21"><span class='ocrx_word' id='word_1_20' title='bbox 56 531 155 596; x_wconf 86' lang='lat' dir='ltr'>Tum</span> <span class='ocrx_word' id='word_1_21' title='bbox 179 534 269 597; x_wconf 91' lang='lat' dir='ltr'>sator</span> <span class='ocrx_word' id='word_1_22' title='bbox 293 541 443 596; x_wconf 78' lang='lat' dir='ltr'>aeternae</span> <span class='ocrx_word' id='word_1_23' title='bbox 466 532 636 616; x_wconf 76' lang='lat' dir='ltr'>respondit</span> <span class='ocrx_word' id='word_1_24' title='bbox 659 532 739 598; x_wconf 88' lang='lat' dir='ltr'>talia</span> <span class='ocrx_word' id='word_1_25' title='bbox 760 532 860 598; x_wconf 81' lang='lat' dir='ltr'>vitae:</span> 
     </span>
    </p>

    <p class='ocr_par' dir='ltr' id='par_1_5' title="bbox 56 618 842 702">
     <span class='ocr_line' id='line_1_5' title="bbox 56 618 842 702; baseline 0.003 -18"><span class='ocrx_word' id='word_1_26' title='bbox 56 618 158 702; x_wconf 87' lang='lat' dir='ltr'>„Vos</span> <span class='ocrx_word' id='word_1_27' title='bbox 183 621 281 686; x_wconf 90' lang='lat' dir='ltr'>etiam</span> <span class='ocrx_word' id='word_1_28' title='bbox 306 620 386 685; x_wconf 89' lang='lat' dir='ltr'>duro</span> <span class='ocrx_word' id='word_1_29' title='bbox 410 619 589 686; x_wconf 76' lang='lat' dir='ltr'>discluditis</span> <span class='ocrx_word' id='word_1_30' title='bbox 614 619 724 684; x_wconf 89' lang='lat' dir='ltr'>omnia</span> <span class='ocrx_word' id='word_1_31' title='bbox 746 621 842 686; x_wconf 86' lang='lat' dir='ltr'>corde</span> 
     </span>
    </p>

    <p class='ocr_par' dir='ltr' id='par_1_6' title="bbox 57 707 882 774">
     <span class='ocr_line' id='line_1_6' title="bbox 57 707 882 774; baseline 0 0"><span class='ocrx_word' id='word_1_32' title='bbox 57 709 165 774; x_wconf 86' lang='lat' dir='ltr'>Iussa</span> <span class='ocrx_word' id='word_1_33' title='bbox 186 729 246 774; x_wconf 89' lang='lat' dir='ltr'>nec</span> <span class='ocrx_word' id='word_1_34' title='bbox 269 707 417 774; x_wconf 88' lang='lat' dir='ltr'>admittit</span> <span class='ocrx_word' id='word_1_35' title='bbox 440 709 559 774; x_wconf 89' lang='lat' dir='ltr'>mentis</span> <span class='ocrx_word' id='word_1_36' title='bbox 584 708 745 774; x_wconf 88' lang='lat' dir='ltr'>dubitatio</span> <span class='ocrx_word' id='word_1_37' title='bbox 768 710 882 774; x_wconf 90' lang='lat' dir='ltr'>lucem.</span> 
     </span>
    </p>

    <p class='ocr_par' dir='ltr' id='par_1_7' title="bbox 58 797 1060 883">
     <span class='ocr_line' id='line_1_7' title="bbox 58 797 1060 883; baseline 0.003 -21"><span class='ocrx_word' id='word_1_38' title='bbox 58 797 160 862; x_wconf 89' lang='lat' dir='ltr'>Nam</span> <span class='ocrx_word' id='word_1_39' title='bbox 182 818 403 882; x_wconf 88' lang='lat' dir='ltr'>quaecumque</span> <span class='ocrx_word' id='word_1_40' title='bbox 425 797 594 862; x_wconf 89' lang='lat' dir='ltr'>hominum</span> <span class='ocrx_word' id='word_1_41' title='bbox 616 798 751 864; x_wconf 85' lang='lat' dir='ltr'>veniunt</span> <span class='ocrx_word' id='word_1_42' title='bbox 774 797 973 864; x_wconf 86' lang='lat' dir='ltr'>extrinsecus</span> <span class='ocrx_word' id='word_1_43' title='bbox 998 799 1060 883; x_wconf 88' lang='lat' dir='ltr'>ori,</span> 
     </span>
    </p>

    <p class='ocr_par' dir='ltr' id='par_1_8' title="bbox 58 885 1087 973">
     <span class='ocr_line' id='line_1_8' title="bbox 58 885 1087 973; baseline 0.003 -23"><span class='ocrx_word' id='word_1_44' title='bbox 58 885 107 950; x_wconf 91' lang='lat' dir='ltr'>In</span> <span class='ocrx_word' id='word_1_45' title='bbox 134 889 281 950; x_wconf 85' lang='lat' dir='ltr'>ventrem</span> <span class='ocrx_word' id='word_1_46' title='bbox 304 885 422 952; x_wconf 88' lang='lat' dir='ltr'>cedunt</span> <span class='ocrx_word' id='word_1_47' title='bbox 445 887 617 971; x_wconf 85' lang='lat' dir='ltr'>animoque</span> <span class='ocrx_word' id='word_1_48' title='bbox 640 885 809 973; x_wconf 79' lang='lat' dir='ltr'>incognita</span> <span class='ocrx_word' id='word_1_49' title='bbox 832 891 975 952; x_wconf 84' lang='lat' dir='ltr'>curnmt.</span> <span class='ocrx_word' id='word_1_50' title='bbox 1036 903 1087 953; x_wconf 81' lang='lat' dir='ltr'>ret</span> 
     </span>
    </p>

    <p class='ocr_par' dir='ltr' id='par_1_9' title="bbox 59 972 968 1059">
     <span class='ocr_line' id='line_1_9' title="bbox 59 972 968 1059; baseline 0.001 -21"><span class='ocrx_word' id='word_1_51' title='bbox 59 974 161 1050; x_wconf 79' lang='lat' dir='ltr'>Quae</span> <span class='ocrx_word' id='word_1_52' title='bbox 185 996 262 1039; x_wconf 86' lang='lat' dir='ltr'>vero</span> <span class='ocrx_word' id='word_1_53' title='bbox 285 972 415 1040; x_wconf 87' lang='lat' dir='ltr'>interno</span> <span class='ocrx_word' id='word_1_54' title='bbox 439 978 596 1059; x_wconf 86' lang='lat' dir='ltr'>concepta</span> <span class='ocrx_word' id='word_1_55' title='bbox 619 997 637 1039; x_wconf 90' lang='lat' dir='ltr'>e</span> <span class='ocrx_word' id='word_1_56' title='bbox 659 979 791 1058; x_wconf 91' lang='lat' dir='ltr'>pectore</span> <span class='ocrx_word' id='word_1_57' title='bbox 814 979 968 1059; x_wconf 90' lang='lat' dir='ltr'>promunt</span> 
     </span>
    </p>

    <p class='ocr_par' dir='ltr' id='par_1_10' title="bbox 59 1061 975 1150">
     <span class='ocr_line' id='line_1_10' title="bbox 59 1061 975 1150; baseline 0.001 -22"><span class='ocrx_word' id='word_1_58' title='bbox 59 1061 138 1128; x_wconf 93' lang='lat' dir='ltr'>Ora</span> <span class='ocrx_word' id='word_1_59' title='bbox 160 1062 343 1146; x_wconf 87' lang='lat' dir='ltr'>hominum,</span> <span class='ocrx_word' id='word_1_60' title='bbox 367 1066 510 1128; x_wconf 89' lang='lat' dir='ltr'>mentem</span> <span class='ocrx_word' id='word_1_61' title='bbox 532 1070 672 1148; x_wconf 87' lang='lat' dir='ltr'>possunt</span> <span class='ocrx_word' id='word_1_62' title='bbox 695 1063 867 1150; x_wconf 77' lang='lat' dir='ltr'>aspergine</span> <span class='ocrx_word' id='word_1_63' title='bbox 890 1063 975 1129; x_wconf 87' lang='lat' dir='ltr'>labis</span> 
     </span>
    </p>

    <p class='ocr_par' dir='ltr' id='par_1_11' title="bbox 58 1151 979 1236">
     <span class='ocr_line' id='line_1_11' title="bbox 58 1151 979 1236; baseline 0.001 -20"><span class='ocrx_word' id='word_1_64' title='bbox 58 1151 222 1216; x_wconf 92' lang='lat' dir='ltr'>Polluere</span> <span class='ocrx_word' id='word_1_65' title='bbox 245 1151 465 1236; x_wconf 80' lang='lat' dir='ltr'>immundoque</span> <span class='ocrx_word' id='word_1_66' title='bbox 487 1151 654 1217; x_wconf 88' lang='lat' dir='ltr'>hominem</span> <span class='ocrx_word' id='word_1_67' title='bbox 676 1152 841 1218; x_wconf 87' lang='lat' dir='ltr'>maculare</span> <span class='ocrx_word' id='word_1_68' title='bbox 863 1152 979 1236; x_wconf 89' lang='lat' dir='ltr'>piaclo.</span> 
     </span>
    </p>

    <p class='ocr_par' dir='ltr' id='par_1_12' title="bbox 61 1238 777 1324">
     <span class='ocr_line' id='line_1_12' title="bbox 61 1238 777 1324; baseline 0.001 -19"><span class='ocrx_word' id='word_1_69' title='bbox 61 1238 202 1305; x_wconf 79' lang='lat' dir='ltr'>Secreto</span> <span class='ocrx_word' id='word_1_70' title='bbox 225 1239 331 1305; x_wconf 87' lang='lat' dir='ltr'>cordis</span> <span class='ocrx_word' id='word_1_71' title='bbox 354 1243 547 1324; x_wconf 88' lang='lat' dir='ltr'>promuntur</span> <span class='ocrx_word' id='word_1_72' title='bbox 570 1240 668 1308; x_wconf 88' lang='lat' dir='ltr'>noxia</span> <span class='ocrx_word' id='word_1_73' title='bbox 690 1240 777 1306; x_wconf 88' lang='lat' dir='ltr'>vitae</span> 
     </span>
    </p>

    <p class='ocr_par' dir='ltr' id='par_1_13' title="bbox 61 1326 1087 1396">
     <span class='ocr_line' id='line_1_13' title="bbox 61 1326 1087 1396; baseline 0.003 -3"><span class='ocrx_word' id='word_1_74' title='bbox 61 1326 219 1393; x_wconf 90' lang='lat' dir='ltr'>Consilia</span> <span class='ocrx_word' id='word_1_75' title='bbox 242 1332 275 1393; x_wconf 89' lang='lat' dir='ltr'>et</span> <span class='ocrx_word' id='word_1_76' title='bbox 298 1327 410 1394; x_wconf 91' lang='lat' dir='ltr'>caedes</span> <span class='ocrx_word' id='word_1_77' title='bbox 435 1332 468 1394; x_wconf 88' lang='lat' dir='ltr'>et</span> <span class='ocrx_word' id='word_1_78' title='bbox 490 1327 578 1394; x_wconf 87' lang='lat' dir='ltr'>furta</span> <span class='ocrx_word' id='word_1_79' title='bbox 600 1328 740 1394; x_wconf 87' lang='lat' dir='ltr'>nefanda</span> <span class='ocrx_word' id='word_1_80' title='bbox 763 1332 911 1394; x_wconf 88' lang='lat' dir='ltr'>tororum</span> <span class='ocrx_word' id='word_1_81' title='bbox 1036 1345 1087 1396; x_wconf 76' lang='lat'>170</span> 
     </span>
    </p>

    <p class='ocr_par' dir='ltr' id='par_1_14' title="bbox 60 1415 1012 1503">
     <span class='ocr_line' id='line_1_14' title="bbox 60 1415 1012 1503; baseline -0.001 -20"><span class='ocrx_word' id='word_1_82' title='bbox 60 1417 114 1483; x_wconf 84' lang='lat' dir='ltr'>Et</span> <span class='ocrx_word' id='word_1_83' title='bbox 138 1416 269 1484; x_wconf 81' lang='lat' dir='ltr'>fraudes</span> <span class='ocrx_word' id='word_1_84' title='bbox 291 1415 458 1502; x_wconf 78' lang='lat' dir='ltr'>fallaxque</span> <span class='ocrx_word' id='word_1_85' title='bbox 480 1417 650 1484; x_wconf 90' lang='lat' dir='ltr'>hominum</span> <span class='ocrx_word' id='word_1_86' title='bbox 672 1440 732 1503; x_wconf 91' lang='lat' dir='ltr'>pro</span> <span class='ocrx_word' id='word_1_87' title='bbox 756 1417 897 1484; x_wconf 89' lang='lat' dir='ltr'>testibus</span> <span class='ocrx_word' id='word_1_88' title='bbox 921 1439 1012 1486; x_wconf 87' lang='lat' dir='ltr'>error</span> 
     </span>
    </p>

    <p class='ocr_par' dir='ltr' id='par_1_15' title="bbox 60 1506 876 1590">
     <span class='ocr_line' id='line_1_15' title="bbox 60 1506 876 1590; baseline 0 -19"><span class='ocrx_word' id='word_1_89' title='bbox 60 1506 114 1572; x_wconf 82' lang='lat' dir='ltr'>Et</span> <span class='ocrx_word' id='word_1_90' title='bbox 140 1506 273 1571; x_wconf 89' lang='lat' dir='ltr'>rabidae</span> <span class='ocrx_word' id='word_1_91' title='bbox 296 1507 421 1570; x_wconf 90' lang='lat' dir='ltr'>caelum</span> <span class='ocrx_word' id='word_1_92' title='bbox 443 1506 580 1590; x_wconf 88' lang='lat' dir='ltr'>pulsans</span> <span class='ocrx_word' id='word_1_93' title='bbox 603 1507 755 1572; x_wconf 85' lang='lat' dir='ltr'>vaesania</span> <span class='ocrx_word' id='word_1_94' title='bbox 777 1507 876 1573; x_wconf 83' lang='lat' dir='ltr'>vocis.</span> 
     </span>
    </p>

    <p class='ocr_par' dir='ltr' id='par_1_16' title="bbox 61 1593 1085 1768">
     <span class='ocr_line' id='line_1_16' title="bbox 61 1593 1085 1682; baseline 0.001 -23"><span class='ocrx_word' id='word_1_95' title='bbox 61 1593 161 1660; x_wconf 89' lang='lat' dir='ltr'>Haec</span> <span class='ocrx_word' id='word_1_96' title='bbox 189 1599 279 1682; x_wconf 85' lang='lat' dir='ltr'>sunt,</span> <span class='ocrx_word' id='word_1_97' title='bbox 312 1617 395 1679; x_wconf 88' lang='lat' dir='ltr'>quae</span> <span class='ocrx_word' id='word_1_98' title='bbox 424 1595 590 1661; x_wconf 90' lang='lat' dir='ltr'>maculant</span> <span class='ocrx_word' id='word_1_99' title='bbox 617 1595 796 1681; x_wconf 89' lang='lat' dir='ltr'>hominem,</span> <span class='ocrx_word' id='word_1_100' title='bbox 828 1619 911 1681; x_wconf 90' lang='lat' dir='ltr'>quae</span> <span class='ocrx_word' id='word_1_101' title='bbox 935 1595 1085 1664; x_wconf 85' lang='lat' dir='ltr'>sordibus</span> 
     </span>
     <span class='ocr_line' id='line_1_17' title="bbox 819 1685 965 1768; baseline -0.007 -18"><span class='ocrx_word' id='word_1_102' title='bbox 819 1685 965 1768; x_wconf 90' lang='lat' dir='ltr'>implent.</span> 
     </span>
    </p>

    <p class='ocr_par' dir='ltr' id='par_1_17' title="bbox 62 1771 905 1857">
     <span class='ocr_line' id='line_1_18' title="bbox 62 1771 905 1857; baseline 0.002 -21"><span class='ocrx_word' id='word_1_103' title='bbox 62 1771 190 1836; x_wconf 89' lang='lat' dir='ltr'>Inlotis</span> <span class='ocrx_word' id='word_1_104' title='bbox 214 1775 323 1837; x_wconf 89' lang='lat' dir='ltr'>autem</span> <span class='ocrx_word' id='word_1_105' title='bbox 346 1771 496 1836; x_wconf 88' lang='lat' dir='ltr'>manibus</span> <span class='ocrx_word' id='word_1_106' title='bbox 519 1793 584 1838; x_wconf 90' lang='lat' dir='ltr'>non</span> <span class='ocrx_word' id='word_1_107' title='bbox 608 1772 728 1857; x_wconf 90' lang='lat' dir='ltr'>polluit</span> <span class='ocrx_word' id='word_1_108' title='bbox 749 1794 905 1856; x_wconf 91' lang='lat' dir='ltr'>umquam</span> 
     </span>
    </p>

    <p class='ocr_par' dir='ltr' id='par_1_18' title="bbox 64 1859 1088 1945">
     <span class='ocr_line' id='line_1_19' title="bbox 64 1859 1088 1945; baseline 0.002 -20"><span class='ocrx_word' id='word_1_109' title='bbox 64 1859 228 1945; x_wconf 75' lang='lat' dir='ltr'>Corporis</span> <span class='ocrx_word' id='word_1_110' title='bbox 251 1860 389 1926; x_wconf 91' lang='lat' dir='ltr'>arbitrio</span> <span class='ocrx_word' id='word_1_111' title='bbox 411 1865 578 1926; x_wconf 88' lang='lat' dir='ltr'>terrenum</span> <span class='ocrx_word' id='word_1_112' title='bbox 602 1883 729 1926; x_wconf 84' lang='lat' dir='ltr'>sumere</span> <span class='ocrx_word' id='word_1_113' title='bbox 752 1859 901 1926; x_wconf 82' lang='lat' dir='ltr'>victum.“</span> <span class='ocrx_word' id='word_1_114' title='bbox 1037 1877 1088 1927; x_wconf 74' lang='lat'>1⁷5</span> 
     </span>
    </p>

    <p class='ocr_par' dir='ltr' id='par_1_19' title="bbox 114 1947 1044 2034">
     <span class='ocr_line' id='line_1_20' title="bbox 114 1947 1044 2034; baseline 0.003 -22"><span class='ocrx_word' id='word_1_115' title='bbox 114 1947 207 2015; x_wconf 90' lang='lat' dir='ltr'>Haec</span> <span class='ocrx_word' id='word_1_116' title='bbox 229 1949 286 2014; x_wconf 88' lang='lat' dir='ltr'>ubi</span> <span class='ocrx_word' id='word_1_117' title='bbox 309 1948 398 2014; x_wconf 89' lang='lat' dir='ltr'>dicta</span> <span class='ocrx_word' id='word_1_118' title='bbox 419 1948 521 2034; x_wconf 86' lang='lat' dir='ltr'>dedit,</span> <span class='ocrx_word' id='word_1_119' title='bbox 544 1948 764 2034; x_wconf 90' lang='lat' dir='ltr'>pulcherrima</span> <span class='ocrx_word' id='word_1_120' title='bbox 786 1970 864 2014; x_wconf 89' lang='lat' dir='ltr'>rura</span> <span class='ocrx_word' id='word_1_121' title='bbox 888 1947 1044 2033; x_wconf 83' lang='lat' dir='ltr'>Syrorum</span> 
     </span>
    </p>

    <p class='ocr_par' dir='ltr' id='par_1_20' title="bbox 68 2035 968 2122">
     <span class='ocr_line' id='line_1_21' title="bbox 68 2035 968 2122; baseline 0 -20"><span class='ocrx_word' id='word_1_122' title='bbox 68 2035 293 2122; x_wconf 81' lang='lat' dir='ltr'>Sidonemque</span> <span class='ocrx_word' id='word_1_123' title='bbox 316 2037 502 2122; x_wconf 83' lang='lat' dir='ltr'>Tyrumque</span> <span class='ocrx_word' id='word_1_124' title='bbox 524 2038 622 2122; x_wconf 88' lang='lat' dir='ltr'>petit:</span> <span class='ocrx_word' id='word_1_125' title='bbox 646 2061 720 2104; x_wconf 86' lang='lat' dir='ltr'>cum</span> <span class='ocrx_word' id='word_1_126' title='bbox 742 2037 864 2104; x_wconf 86' lang='lat' dir='ltr'>femina</span> <span class='ocrx_word' id='word_1_127' title='bbox 886 2037 968 2104; x_wconf 85' lang='lat' dir='ltr'>fusis</span> 
     </span>
    </p>

    <p class='ocr_par' dir='ltr' id='par_1_21' title="bbox 67 2123 930 2212">
     <span class='ocr_line' id='line_1_22' title="bbox 67 2123 930 2212; baseline -0.001 -20"><span class='ocrx_word' id='word_1_128' title='bbox 67 2123 226 2192; x_wconf 83' lang='lat' dir='ltr'>Crinibus</span> <span class='ocrx_word' id='word_1_129' title='bbox 250 2131 284 2192; x_wconf 92' lang='lat' dir='ltr'>et</span> <span class='ocrx_word' id='word_1_130' title='bbox 305 2126 457 2212; x_wconf 78' lang='lat' dir='ltr'>precibus</span> <span class='ocrx_word' id='word_1_131' title='bbox 478 2131 592 2194; x_wconf 88' lang='lat' dir='ltr'>natam</span> <span class='ocrx_word' id='word_1_132' title='bbox 615 2131 749 2194; x_wconf 85' lang='lat' dir='ltr'>causata</span> <span class='ocrx_word' id='word_1_133' title='bbox 771 2127 930 2192; x_wconf 88' lang='lat' dir='ltr'>iacentem</span> 
     </span>
    </p>

    <p class='ocr_par' dir='ltr' id='par_1_22' title="bbox 66 2213 986 2282">
     <span class='ocr_line' id='line_1_23' title="bbox 66 2213 986 2282; baseline 0.002 -4"><span class='ocrx_word' id='word_1_134' title='bbox 66 2213 227 2281; x_wconf 75' lang='lat' dir='ltr'>Volvitur</span> <span class='ocrx_word' id='word_1_135' title='bbox 250 2219 283 2281; x_wconf 90' lang='lat' dir='ltr'>et</span> <span class='ocrx_word' id='word_1_136' title='bbox 306 2215 444 2281; x_wconf 87' lang='lat' dir='ltr'>tacitum</span> <span class='ocrx_word' id='word_1_137' title='bbox 465 2235 533 2280; x_wconf 92' lang='lat' dir='ltr'>non</span> <span class='ocrx_word' id='word_1_138' title='bbox 556 2215 676 2280; x_wconf 78' lang='lat' dir='ltr'>desinit</span> <span class='ocrx_word' id='word_1_139' title='bbox 699 2215 796 2282; x_wconf 85' lang='lat' dir='ltr'>anxia</span> <span class='ocrx_word' id='word_1_140' title='bbox 818 2213 986 2280; x_wconf 76' lang='lat' dir='ltr'>Christum</span> 
     </span>
    </p>

    <p class='ocr_par' dir='ltr' id='par_1_23' title="bbox 69 2301 1089 2390">
     <span class='ocr_line' id='line_1_24' title="bbox 69 2301 1089 2390; baseline 0.002 -23"><span class='ocrx_word' id='word_1_141' title='bbox 69 2301 190 2390; x_wconf 85' lang='lat' dir='ltr'>Orare,</span> <span class='ocrx_word' id='word_1_142' title='bbox 213 2307 415 2370; x_wconf 77' lang='lat' dir='ltr'>rimantem</span> <span class='ocrx_word' id='word_1_143' title='bbox 438 2308 588 2370; x_wconf 81' lang='lat' dir='ltr'>vexatam</span> <span class='ocrx_word' id='word_1_144' title='bbox 611 2304 767 2370; x_wconf 87' lang='lat' dir='ltr'>daemone</span> <span class='ocrx_word' id='word_1_145' title='bbox 791 2326 888 2370; x_wconf 82' lang='lat' dir='ltr'>saevo</span> <span class='ocrx_word' id='word_1_146' title='bbox 1037 2320 1089 2370; x_wconf 82' lang='lat'>180</span> 
     </span>
    </p>

    <p class='ocr_par' dir='ltr' id='par_1_24' title="bbox 67 2391 911 2478">
     <span class='ocr_line' id='line_1_25' title="bbox 67 2391 911 2478; baseline -0.001 -21"><span class='ocrx_word' id='word_1_147' title='bbox 67 2391 235 2458; x_wconf 85' lang='lat' dir='ltr'>Redderet</span> <span class='ocrx_word' id='word_1_148' title='bbox 257 2396 291 2458; x_wconf 91' lang='lat' dir='ltr'>et</span> <span class='ocrx_word' id='word_1_149' title='bbox 314 2393 452 2458; x_wconf 85' lang='lat' dir='ltr'>miserae</span> <span class='ocrx_word' id='word_1_150' title='bbox 475 2393 607 2458; x_wconf 89' lang='lat' dir='ltr'>tandem</span> <span class='ocrx_word' id='word_1_151' title='bbox 630 2393 766 2478; x_wconf 87' lang='lat' dir='ltr'>resipire</span> <span class='ocrx_word' id='word_1_152' title='bbox 790 2393 911 2460; x_wconf 89' lang='lat' dir='ltr'>liceret.</span> 
     </span>
    </p>

    <p class='ocr_par' dir='ltr' id='par_1_25' title="bbox 67 2479 944 2566">
     <span class='ocr_line' id='line_1_26' title="bbox 67 2479 944 2566; baseline 0 -21"><span class='ocrx_word' id='word_1_153' title='bbox 67 2479 163 2546; x_wconf 79' lang='lat' dir='ltr'>Tunc</span> <span class='ocrx_word' id='word_1_154' title='bbox 186 2482 286 2546; x_wconf 91' lang='lat' dir='ltr'>etiam</span> <span class='ocrx_word' id='word_1_155' title='bbox 307 2481 458 2566; x_wconf 87' lang='lat' dir='ltr'>precibus</span> <span class='ocrx_word' id='word_1_156' title='bbox 481 2485 665 2548; x_wconf 89' lang='lat' dir='ltr'>sectantum</span> <span class='ocrx_word' id='word_1_157' title='bbox 687 2482 944 2566; x_wconf 83' lang='lat' dir='ltr'>discipulorum</span> 
     </span>
    </p>

    <p class='ocr_par' dir='ltr' id='par_1_26' title="bbox 68 2567 918 2656">
     <span class='ocr_line' id='line_1_27' title="bbox 68 2567 918 2656; baseline 0.002 -24"><span class='ocrx_word' id='word_1_158' title='bbox 68 2567 269 2654; x_wconf 87' lang='lat' dir='ltr'>Respondit,</span> <span class='ocrx_word' id='word_1_159' title='bbox 290 2571 442 2655; x_wconf 87' lang='lat' dir='ltr'>proprias</span> <span class='ocrx_word' id='word_1_160' title='bbox 466 2571 625 2656; x_wconf 82' lang='lat' dir='ltr'>genitoris</span> <span class='ocrx_word' id='word_1_161' title='bbox 648 2571 748 2636; x_wconf 90' lang='lat' dir='ltr'>malle</span> <span class='ocrx_word' id='word_1_162' title='bbox 771 2569 918 2635; x_wconf 89' lang='lat' dir='ltr'>bidentes</span> 
     </span>
    </p>

    <p class='ocr_par' dir='ltr' id='par_1_27' title="bbox 69 2655 880 2744">
     <span class='ocr_line' id='line_1_28' title="bbox 69 2655 880 2744; baseline 0 -22"><span class='ocrx_word' id='word_1_163' title='bbox 69 2655 212 2743; x_wconf 83' lang='lat' dir='ltr'>Cogere,</span> <span class='ocrx_word' id='word_1_164' title='bbox 236 2680 317 2743; x_wconf 89' lang='lat' dir='ltr'>q-uas</span> <span class='ocrx_word' id='word_1_165' title='bbox 341 2681 445 2726; x_wconf 87' lang='lat' dir='ltr'>vanus</span> <span class='ocrx_word' id='word_1_166' title='bbox 468 2659 536 2724; x_wconf 91' lang='lat' dir='ltr'>late</span> <span class='ocrx_word' id='word_1_167' title='bbox 559 2659 758 2744; x_wconf 86' lang='lat' dir='ltr'>disperserat</span> <span class='ocrx_word' id='word_1_168' title='bbox 780 2679 880 2724; x_wconf 91' lang='lat' dir='ltr'>error.</span> 
     </span>
    </p>

    <p class='ocr_par' dir='ltr' id='par_1_28' title="bbox 70 2743 1088 2814">
     <span class='ocr_line' id='line_1_29' title="bbox 70 2743 1088 2814; baseline 0.002 -4"><span class='ocrx_word' id='word_1_169' title='bbox 70 2743 228 2814; x_wconf 89' lang='lat' dir='ltr'>Crebrius</span> <span class='ocrx_word' id='word_1_170' title='bbox 249 2748 386 2814; x_wconf 86' lang='lat' dir='ltr'>instanti</span> <span class='ocrx_word' id='word_1_171' title='bbox 410 2751 480 2812; x_wconf 89' lang='lat' dir='ltr'>tum</span> <span class='ocrx_word' id='word_1_172' title='bbox 503 2747 586 2812; x_wconf 89' lang='lat' dir='ltr'>talia</span> <span class='ocrx_word' id='word_1_173' title='bbox 607 2747 697 2812; x_wconf 84' lang='lat' dir='ltr'>fatur</span> <span class='ocrx_word' id='word_1_174' title='bbox 714 2745 821 2812; x_wconf 88' lang='lat' dir='ltr'>Iesus:</span> <span class='ocrx_word' id='word_1_175' title='bbox 1037 2761 1088 2813; x_wconf 75' lang='lat'>185</span> 
     </span>
    </p>

    <p class='ocr_par' dir='ltr' id='par_1_29' title="bbox 69 2833 1026 2922">
     <span class='ocr_line' id='line_1_30' title="bbox 69 2833 1026 2922; baseline 0.001 -23"><span class='ocrx_word' id='word_1_176' title='bbox 69 2833 194 2918; x_wconf 88' lang='lat' dir='ltr'>„Natis</span> <span class='ocrx_word' id='word_1_177' title='bbox 218 2837 353 2920; x_wconf 89' lang='lat' dir='ltr'>quisque</span> <span class='ocrx_word' id='word_1_178' title='bbox 376 2836 443 2901; x_wconf 89' lang='lat' dir='ltr'>suis</span> <span class='ocrx_word' id='word_1_179' title='bbox 466 2857 585 2922; x_wconf 88' lang='lat' dir='ltr'>panem</span> <span class='ocrx_word' id='word_1_180' title='bbox 606 2859 673 2901; x_wconf 91' lang='lat' dir='ltr'>non</span> <span class='ocrx_word' id='word_1_181' title='bbox 697 2836 849 2902; x_wconf 87' lang='lat' dir='ltr'>detrahet</span> <span class='ocrx_word' id='word_1_182' title='bbox 872 2857 1026 2919; x_wconf 89' lang='lat' dir='ltr'>umquam</span> 
     </span>
    </p>

    <p class='ocr_par' dir='ltr' id='par_1_30' title="bbox 70 2922 916 2991">
     <span class='ocr_line' id='line_1_31' title="bbox 70 2922 916 2991; baseline 0.004 -5"><span class='ocrx_word' id='word_1_183' title='bbox 70 2922 118 2987; x_wconf 80' lang='lat' dir='ltr'>nt</span> <span class='ocrx_word' id='word_1_184' title='bbox 142 2924 276 2990; x_wconf 87' lang='lat' dir='ltr'>canibus</span> <span class='ocrx_word' id='word_1_185' title='bbox 299 2924 423 2990; x_wconf 87' lang='lat' dir='ltr'>iaciet.“</span> <span class='ocrx_word' id='word_1_186' title='bbox 459 2925 542 2990; x_wconf 80' lang='lat' dir='ltr'>Tum</span> <span class='ocrx_word' id='word_1_187' title='bbox 566 2925 648 2991; x_wconf 91' lang='lat' dir='ltr'>talia</span> <span class='ocrx_word' id='word_1_188' title='bbox 670 2924 791 2990; x_wconf 89' lang='lat' dir='ltr'>femina</span> <span class='ocrx_word' id='word_1_189' title='bbox 814 2925 916 2991; x_wconf 84' lang='lat' dir='ltr'>fatur:</span> 
     </span>
    </p>

    <p class='ocr_par' dir='ltr' id='par_1_31' title="bbox 70 3011 923 3098">
     <span class='ocr_line' id='line_1_32' title="bbox 70 3011 923 3098; baseline 0.005 -22"><span class='ocrx_word' id='word_1_190' title='bbox 70 3011 255 3095; x_wconf 77' lang='lat' dir='ltr'>„Miserum</span> <span class='ocrx_word' id='word_1_191' title='bbox 278 3013 396 3079; x_wconf 89' lang='lat' dir='ltr'>saltem</span> <span class='ocrx_word' id='word_1_192' title='bbox 419 3013 554 3080; x_wconf 89' lang='lat' dir='ltr'>canibus</span> <span class='ocrx_word' id='word_1_193' title='bbox 577 3035 637 3080; x_wconf 89' lang='lat' dir='ltr'>sua</span> <span class='ocrx_word' id='word_1_194' title='bbox 658 3014 768 3098; x_wconf 86' lang='lat' dir='ltr'>portio</span> <span class='ocrx_word' id='word_1_195' title='bbox 791 3037 923 3082; x_wconf 88' lang='lat' dir='ltr'>mensae</span> 
     </span>
    </p>

    <p class='ocr_par' dir='ltr' id='par_1_32' title="bbox 70 3098 923 3190">
     <span class='ocr_line' id='line_1_33' title="bbox 70 3098 923 3190; baseline 0.005 -26"><span class='ocrx_word' id='word_1_196' title='bbox 70 3098 202 3167; x_wconf 84' lang='lat' dir='ltr'>Decidit</span> <span class='ocrx_word' id='word_1_197' title='bbox 226 3105 259 3167; x_wconf 91' lang='lat' dir='ltr'>et</span> <span class='ocrx_word' id='word_1_198' title='bbox 281 3101 385 3168; x_wconf 91' lang='lat' dir='ltr'>nihilo</span> <span class='ocrx_word' id='word_1_199' title='bbox 407 3102 614 3169; x_wconf 89' lang='lat' dir='ltr'>dominorum</span> <span class='ocrx_word' id='word_1_200' title='bbox 637 3125 716 3168; x_wconf 90' lang='lat' dir='ltr'>cena</span> <span class='ocrx_word' id='word_1_201' title='bbox 740 3102 923 3190; x_wconf 83' lang='lat' dir='ltr'>gravatur.“</span> 
     </span>
    </p>

    <p class='ocr_par' dir='ltr' id='par_1_33' title="bbox 73 3187 1089 3278">
     <span class='ocr_line' id='line_1_34' title="bbox 73 3187 1089 3278; baseline 0.004 -26"><span class='ocrx_word' id='word_1_202' title='bbox 73 3187 159 3256; x_wconf 85' lang='lat' dir='ltr'>Tum</span> <span class='ocrx_word' id='word_1_203' title='bbox 173 3191 333 3257; x_wconf 88' lang='lat' dir='ltr'>Dominus</span> <span class='ocrx_word' id='word_1_204' title='bbox 351 3191 510 3276; x_wconf 89' lang='lat' dir='ltr'>loquitur:</span> <span class='ocrx_word' id='word_1_205' title='bbox 533 3189 695 3276; x_wconf 78' lang='lat' dir='ltr'>„Veniant</span> <span class='ocrx_word' id='word_1_206' title='bbox 712 3193 775 3258; x_wconf 88' lang='lat' dir='ltr'>tibi</span> <span class='ocrx_word' id='word_1_207' title='bbox 794 3194 893 3278; x_wconf 81' lang='lat' dir='ltr'>digna</span> <span class='ocrx_word' id='word_1_208' title='bbox 911 3191 1027 3256; x_wconf 90' lang='lat' dir='ltr'>salutis</span> <span class='ocrx_word' id='word_1_209' title='bbox 1038 3207 1089 3256; x_wconf 82' lang='lat'>190</span> 
     </span>
    </p>
   </div>
   <div class='ocr_carea' id='block_1_3' title="bbox 71 3274 956 3364">
    <p class='ocr_par' dir='ltr' id='par_1_34' title="bbox 71 3274 956 3364">
     <span class='ocr_line' id='line_1_35' title="bbox 71 3274 956 3364; baseline 0.006 -24"><span class='ocrx_word' id='word_1_210' title='bbox 71 3274 236 3364; x_wconf 87' lang='lat' dir='ltr'>Praemia,</span> <span class='ocrx_word' id='word_1_211' title='bbox 260 3302 341 3364; x_wconf 88' lang='lat' dir='ltr'>quae</span> <span class='ocrx_word' id='word_1_212' title='bbox 364 3279 440 3344; x_wconf 88' lang='lat' dir='ltr'>fidei</span> <span class='ocrx_word' id='word_1_213' title='bbox 463 3284 651 3354; x_wconf 84' lang='lat' dir='ltr'>meruerunt</span> <span class='ocrx_word' id='word_1_214' title='bbox 672 3282 793 3348; x_wconf 89' lang='lat' dir='ltr'>robora</span> <span class='ocrx_word' id='word_1_215' title='bbox 815 3279 956 3348; x_wconf 87' lang='lat' dir='ltr'>tantae.“</span> 
     </span>
    </p>
   </div>
   <div class='ocr_carea' id='block_1_4' title="bbox 76 3485 1093 3632">
    <p class='ocr_par' dir='ltr' id='par_1_35' title="bbox 76 3485 1093 3632">
     <span class='ocr_line' id='line_1_36' title="bbox 147 3485 1093 3559; baseline -0.003 -16"><span class='ocrx_word' id='word_1_216' title='bbox 147 3494 198 3544; x_wconf 79' lang='grc'>172</span> <span class='ocrx_word' id='word_1_217' title='bbox 218 3488 336 3559; x_wconf 82' lang='lat' dir='ltr'>rapidae</span> <span class='ocrx_word' id='word_1_218' title='bbox 355 3489 537 3558; x_wconf 65' lang='lat' dir='ltr'>MR0³V11</span> <span class='ocrx_word' id='word_1_219' title='bbox 554 3489 688 3546; x_wconf 87' lang='lat' dir='ltr'>vaesania</span> <span class='ocrx_word' id='word_1_220' title='bbox 707 3489 771 3544; x_wconf 61' lang='lat'>0¹⁴</span> <span class='ocrx_word' id='word_1_221' title='bbox 790 3489 844 3555; x_wconf 79' lang='lat' dir='ltr'>(tic</span> <span class='ocrx_word' id='word_1_222' title='bbox 861 3487 941 3556; x_wconf 57' lang='lat' dir='ltr'>ses),</span> <span class='ocrx_word' id='word_1_223' title='bbox 960 3485 1069 3542; x_wconf 89' lang='lat' dir='ltr'>insania</span> <span class='ocrx_word' id='word_1_224' title='bbox 1083 3487 1093 3559; x_wconf 69' lang='lat' dir='ltr'>ll</span> 
     </span>
     <span class='ocr_line' id='line_1_37' title="bbox 76 3555 1090 3632; baseline 0 -20"><span class='ocrx_word' id='word_1_225' title='bbox 76 3563 127 3614; x_wconf 87' lang='lat'>181</span> <span class='ocrx_word' id='word_1_226' title='bbox 146 3559 264 3630; x_wconf 86' lang='lat' dir='ltr'>resipire</span> <span class='ocrx_word' id='word_1_227' title='bbox 275 3561 345 3630; x_wconf 58' lang='grc' dir='ltr'>ΟΜ,</span> <span class='ocrx_word' id='word_1_228' title='bbox 363 3561 486 3632; x_wconf 87' lang='lat' dir='ltr'>resipere</span> <span class='ocrx_word' id='word_1_229' title='bbox 503 3563 582 3630; x_wconf 85' lang='lat' dir='ltr'>Mat,</span> <span class='ocrx_word' id='word_1_230' title='bbox 601 3561 734 3630; x_wconf 89' lang='lat' dir='ltr'>resipisse</span> <span class='ocrx_word' id='word_1_231' title='bbox 747 3561 757 3628; x_wconf 73' lang='lat' dir='ltr'>l</span> <span class='ocrx_word' id='word_1_232' title='bbox 771 3564 824 3614; x_wconf 78' lang='grc'>190</span> <span class='ocrx_word' id='word_1_233' title='bbox 841 3555 964 3612; x_wconf 81' lang='lat' dir='ltr'>Venient</span> <span class='ocrx_word' id='word_1_234' title='bbox 979 3557 1018 3612; x_wconf 88' lang='lat' dir='ltr'><strong><em>M</em></strong></span> <span class='ocrx_word' id='word_1_235' title='bbox 1025 3557 1090 3613; x_wconf 84' lang='lat' dir='ltr'>Mat</span> 
     </span>
    </p>
   </div>
   <div class='ocr_carea' id='block_1_5' title="bbox 0 0 1266 4114">
    <p class='ocr_par' dir='ltr' id='par_1_36' title="bbox 0 0 1266 4114">
     <span class='ocr_line' id='line_1_38' title="bbox 0 0 1266 4114; baseline 0 0"><span class='ocrx_word' id='word_1_236' title='bbox 0 0 1266 4114; x_wconf 95' lang='lat' dir='ltr'> </span> 
     </span>
    </p>
   </div>
  </div>
 </body>
</html>
