2532 4114
468 215 503 271 V.
523 218 672 271 aet-452.
1029 213 1073 278 43

48 361 127 426 Iam
153 363 302 446 superest
327 359 493 425 dominum
518 361 639 446 segetis
662 361 834 444 deposcere
856 362 985 443 tantae,

49 449 101 514 Ut
127 472 188 514 sua
210 471 287 514 rura
310 448 390 514 velit
413 470 547 513 numero
572 449 735 533 complere
759 446 951 514 colentum.“

100 555 194 620 Haeo
217 555 305 620 fatus
328 555 450 639 populo
475 577 514 620 cx
538 555 627 619 omni
650 555 774 619 delecta
798 575 943 619 seorsum
1021 568 1074 617 430

50 644 172 710 Fortia
195 645 418 730 conglomerat
441 643 570 708 bisseno
594 648 727 728 pectora
751 646 854 708 coetu.

51 733 129 798 Hos
154 733 211 797 ubi
234 733 369 818 delegit,
392 733 574 816 praeceptis
598 732 720 798 talibus
744 731 874 816 impiet:

50 821 234 904 „Devitatc
257 821 363 905 itiner,
387 821 473 906 quod
496 825 610 906 gentes
633 820 825 904 perfidiosae

50 910 101 975 Et
127 908 365 975 Samaritarum
387 908 511 974 fraudis
535 910 674 995 vestigia
698 910 834 974 calcant.

52 999 207 1085 Pergite,
232 1020 296 1083 qua
318 997 417 1082 patrii
439 999 565 1081 peeoris
590 997 738 1064 custodia
760 997 862 1062 labat.
1022 1011 1074 1060 430

53 1087 238 1174 Pergentes
261 1108 337 1152 vero
362 1086 501 1151 similem
525 1086 607 1151 mihi
631 1086 747 1151 sumite
771 1090 928 1170 mentem,

53 1176 106 1240 Ut
129 1176 224 1240 vobis
248 1176 380 1260 subigat
402 1176 540 1240 virtutes
564 1175 730 1240 daemonis
755 1174 818 1239 atri

54 1263 181 1330 Sancta
203 1263 283 1328 fides
307 1285 481 1346 curamque
504 1263 592 1348 piam
615 1263 829 1349 languoribus
852 1264 950 1346 aptet.

54 1352 133 1418 Hae
157 1353 243 1418 vires
265 1353 358 1416 nulla
380 1351 473 1417 vobis
497 1351 644 1416 mercede
668 1351 830 1416 dabuntur

55 1442 107 1508 Et
130 1463 189 1507 vos
211 1441 294 1506 haut
318 1440 414 1504 aliter
437 1441 582 1526 gratuita
604 1439 769 1525 inpendite
793 1440 888 1505 dona.
1022 1453 1075 1503 440

55 1529 134 1595 Non
160 1530 231 1596 auri
255 1531 424 1614 argentive
447 1530 558 1594 domet
579 1528 743 1612 possessio
767 1533 923 1612 mentem,

55 1617 130 1684 Nec
152 1640 210 1684 vos
233 1639 441 1682 nummorum
465 1619 596 1703 subigat
620 1619 778 1684 scelerata
800 1617 924 1701 cupido.

59 1706 140 1772 Non
163 1707 311 1791 geminas
334 1709 441 1771 vestes
465 1728 524 1770 nec
548 1706 669 1789 plantis
693 1706 840 1791 tegmina
863 1707 941 1770 bina

58 1795 206 1860 Virtutis
228 1795 333 1860 nudae
357 1795 466 1878 cupiat
490 1816 618 1859 servare
642 1794 798 1859 minister.

58 1885 208 1968 Ingressi
231 1905 340 1948 muros
364 1883 455 1947 urbis
478 1882 658 1968 perquirite
682 1903 818 1964 semper,
1022 1896 1076 1944 440

57 1971 216 2057 Hospitio
241 1993 378 2056 quorum
401 1993 461 2056 par
484 1973 529 2036 sit
553 1970 721 2036 succedere
744 1969 854 2052 iustis3

58 2060 271 2147 Ingressique
296 2060 411 2125 dehine
434 2061 633 2145 pacem=sub
656 2063 743 2124 tecta
766 2062 889 2123 vocate.

60 2149 99 2215 Si
121 2150 301 2234 tranquilla
324 2150 439 2213 domus
462 2149 577 2231 sterit,
600 2171 665 2234 pax
687 2149 745 2211 illa
768 2147 925 2229 mauebit,

59 2237 121 2304 Sin
143 2237 205 2302 erit
226 2237 370 2320 indignis
393 2237 601 2302 habitantum
625 2237 770 2301 moribus
793 2235 945 2319 horrens,

59 2327 221 2412 Diffugist
243 2331 452 2410 vestrumque
475 2325 601 2390 abitum
623 2347 687 2410 pax
710 2329 821 2390 vestra
843 2329 1005 2408 sequetur.
1025 2337 1077 2388 400

62 2415 227 2482 Exclude't
248 2416 441 2499 quicumque
464 2413 552 2480 ferus
576 2435 634 2479 vos
658 2413 769 2478 limine
793 2413 884 2497 tecti,
938 2417 940 2421 '

63 2503 208 2569 Auribus
233 2507 291 2568 aut
313 2503 403 2568 duris
427 2508 558 2588 spernet
580 2503 695 2568 vitalia
717 2503 830 2586 verba,

129 2717 193 2782 post
215 2717 266 2768 431
295 2714 414 2768 insertas
437 2719 474 2768 est
497 2713 541 2767 hic
563 2729 606 2766 u:
639 2711 687 2765 Bis
714 2726 761 2764 sex
788 2706 932 2764 consociat
956 2709 1076 2763 fidorum

62 2784 151 2842 corda
169 2782 292 2838 virorum
311 2783 352 2851 0¹,
376 2786 432 2839 duo
449 2799 544 2838 444400
561 2785 669 2838 inverso
685 2783 783 2836 ardiae
802 2780 867 2834 Mat
880 2780 928 2848 Vq
941 2786 994 2835 434
1013 2785 1077 2835 autc

65 2854 187 2925 vestigia
200 2871 308 2910 aaaron
322 2861 360 2910 cst
374 2854 503 2910 doctrina
516 2854 678 2923 frequentat
689 2852 723 2906 0¹
737 2855 746 2923 {t
761 2857 812 2906 430
831 2851 912 2906 labat
932 2851 955 2906 0
973 2853 1030 2919 (sect
1047 2853 1079 2905 444

69 2927 107 2981 1⁷¹
124 2927 181 2994 fait
197 2926 290 2993 balat,
311 2927 382 2996 qaod
405 2927 437 2980 ia
455 2926 502 2980 Hl
520 2927 619 2994 440044)
647 2927 657 2994 ΙΙ
684 2929 735 2976 442
755 2929 818 2977 autc
837 2923 951 2994 subigat
968 2939 1077 2978 crucam

64 3003 118 3054 est:
144 2996 235 3051 rabies
262 2997 416 3052 vanissima
438 2997 534 3050 vincat
558 2995 599 3063 0¹,
633 3012 702 3066 quoe
720 2995 775 3049 dio.
794 3011 845 3050 scr.
865 2995 897 3048 ta
915 2999 1019 3049 tratum
1037 3011 1078 3046 re-

64 3073 171 3138 ceptam
188 3073 227 3122 cst
245 3067 298 3136 ΜΡ
320 3066 330 3136 ΙΙ
352 3072 405 3122 443
428 3067 493 3122 Non
513 3066 588 3133 0¹13,
608 3067 667 3120 Nec
689 3067 699 3137 ΙΙ
723 3069 777 3119 444
797 3066 894 3134 cupiat
912 3081 1023 3120 serrare
1044 3063 1078 3116 01

64 3138 136 3206 R**‚
155 3139 250 3208 capiat
269 3139 373 3193 servire
384 3138 469 3192 MR*
489 3139 546 3208 (sed
563 3140 607 3192 hio
625 3136 722 3206 cupiat
739 3137 781 3192 oet
795 3136 890 3206 capiat
908 3137 961 3208 lapi
971 3136 1078 3204 potest),

63 3213 176 3282 portare
201 3208 294 3278 V²Mp
317 3211 327 3278 ΙΙ
351 3214 404 3264 460
422 3209 551 3264 habitum
572 3209 595 3263 0
619 3211 629 3278 ΙΙ
647 3214 712 3276 post
736 3213 789 3262 452
807 3213 862 3262 tras
881 3209 968 3262 liaeus
986 3219 1080 3260 crosae

62 3287 143 3348 aaut,
166 3297 283 3350 quaram
301 3297 315 3335 e
332 3281 454 3351 vestigiis
471 3281 610 3349 suspicari
628 3281 703 3346 licet,
730 3279 800 3333 daos
817 3293 911 3334 ocreas
928 3278 969 3331 ibi
985 3276 1080 3342 faisse,

65 3355 115 3424 qui
140 3356 249 3407 castora
275 3352 308 3405 ia
334 3353 397 3406 edit.
417 3351 551 3406 Doocatr.
576 3356 601 3406 et
622 3350 787 3404 Postmoaae'
815 3355 840 3403 et
862 3350 894 3402 ia
916 3348 973 3402 ced.
993 3344 1080 3398 Mat:

68 3423 132 3480 Sive
156 3422 234 3490 (Mat
257 3421 316 3492 Sin)
340 3437 440 3478 aversa
465 3422 543 3488 (Mat
566 3421 695 3488 adversa)
720 3419 767 3474 dei
788 3415 1080 3492 famuloqsucccdere

70 3492 153 3550 tectis
170 3491 352 3562 Hospitiique
370 3493 448 3548 focos
513 3499 542 3547 ot
561 3492 625 3561 Osp.
636 3493 716 3557 fores,
734 3491 781 3544 sed
793 3491 826 3542 ia
839 3503 925 3556 morp.
944 3488 975 3538 at
992 3483 1081 3550 focos)

67 3566 185 3621 miscere
204 3565 322 3634 gravata
340 3564 450 3620 vetabit
514 3569 544 3618 ot
561 3563 673 3632 ingrata
691 3559 805 3628 uitauit)
